3952 6150
121 226 201 290 {553
709 228 944 292 'l‘ltltctt'ttts
979 228 1056 290 xlx.
1080 230 1210 293 CAPUT
1231 232 1258 292 I.
1806 244 1885 306 tter

118 374 190 431 nim
206 374 296 441 Deus,
312 390 364 449 W
386 376 518 433 eumdem
543 375 692 432 Christum
718 375 813 433 filium
836 375 974 433 hominis,
1033 383 1089 421 tlon
1119 366 1204 423 habet
1229 368 1320 425 Patet.
1339 373 1371 424 Ei
1394 369 1478 440 quale
1494 371 1766 441 judioiuutiiloit'te
1784 380 1876 439 miror

119 463 200 520 neate
214 467 241 521 η·
252 469 424 537 pompm,
441 467 521 523 {1220
532 469 705 539 potestatem
720 482 779 523 non
789 466 909 523 hflberet
921 465 977 523 nial
1032 455 1083 512 iroe
1092 460 1178 529 ,poio
1192 458 1268 515 eiecit
1282 459 1349 515 itero
1365 475 1372 516 :
1390 476 1447 516 non
1463 475 1497 516 oa
1509 476 1574 532 quae
1587 479 1666 520 nunc
1681 472 1735 536 ast,
1752 472 1785 525 ut
1796 485 1885 529 resur·

119 554 275 626 ωοῑροηι,
291 560 320 612 οι
334 560 412 614 ωωῑ
438 557 525 614 homo
540 557 604 613 „1110
618 560 771 628 potestatis,
788 558 841 613 sed
854 557 917 630 ipse
931 560 977 613 egr
1030 552 1101 619 gent
1112 548 1231 618 anirum
1246 550 1296 606 sed
1307 567 1369 621 que
1381 551 1478 607 iutura
1488 557 1580 619 cst,ut
1592 563 1741 628 resurgant
1752 574 1882 630 corpora.

118 641 202 700 lilius
221 645 361 715 bominie,
377 647 428 718 qui
448 653 475 702 et
491 646 582 704 iilius
605 646 667 703 Dei.
684 646 825 703 Haerendo
839 647 917 704 enim
939 649 976 705 ed
1067 639 1111 695 ¹7·
1127 639 1300 711 1⁸3¹Pr0⁸⁸i11⁸
1316 643 1368 698 11⁰⁰
1384 642 1472 711 dicii,
1488 647 1520 698 ut
1541 642 1717 702 ⁰¹¹¹¹¹ssi1²iflffl
1732 648 1884 708 hfflttiious

117 733 270 790 unitatum
287 751 418 806 pomona,
433 736 515 792 filius
530 735 660 792 hominis
675 736 748 792 Filio
764 735 826 804 Dei,
843 736 919 792 tanta
932 741 976 793 θοι
1031 734 1150 799 negator
1165 731 1386 788 resurrectionis
1407 732 1537 804 corporis
1553 751 1608 791 non
1625 735 1752 793 inveniat
1767 753 1775 794 :
1790 755 1884 811 quan-

117 839 181 880 una
195 840 330 898 pereona,
349 826 508 899 eademque
533 826 624 883 Filias
637 826 695 894 Dei,
711 843 773 898 que
788 829 816 882 st
832 826 911 882 filine
926 826 977 885 ho·

116 913 222 971 minis.
240 914 314 979 Quid
333 920 431 973 autem
447 921 566 989 propter
580 916 651 988 qnid
668 917 781 984 babeat,
798 917 976 990 dignoscen-

115 1003 189 1059 dum
201 1008 256 1062 eet.
268 1005 360 1063 Filius
370 1006 499 1063 hominis
510 1007 597 1063 hebet
607 1009 747 1075 animam,
760 1008 847 1064 habet
857 1024 972 1080 corpus.

116 1091 212 1149 Filius
228 1092 289 1163 Dei,
305 1097 384 1167 qnod
406 1100 452 1152 eat
473 1095 596 1152 Verbum
622 1096 683 1163 liei,
706 1097 791 1154 babet
812 1097 973 1169 hominem,

114 1185 255 1254 tanqum
271 1184 370 1241 anima
386 1202 503 1257 corpus.
520 1185 600 1242 Siout
615 1186 712 1243 anima
728 1186 837 1243 babens
855 1202 973 1258 corpus,

115 1287 178 1328 non
203 1271 272 1329 lacit
293 1274 366 1331 duas
390 1290 540 1346 personas,
555 1276 605 1332 eed
630 1292 723 1332 unum
747 1276 915 1345 bominem3
932 1277 974 1332 sic

114 1358 246 1417 Verbum
272 1362 382 1420 babone
396 1363 557 1432 hominem,
575 1381 633 1421 non
650 1363 718 1421 lacit
732 1365 806 1421 duee
822 1381 972 1436 personae,

115 1451 171 1506 sed
186 1467 277 1508 nnum
291 1452 453 1511 Chrietum.
469 1454 544 1520 Quid
559 1453 838 1512 esthemoldnima
848 1455 974 1512 rationa-

118 1538 156 1596 lis
172 1541 282 1598 hamus
305 1557 423 1616 corpus.
444 1544 517 1609 Quid
541 1548 587 1600 eet
610 1544 765 1600 Christus?
780 1543 906 1601 Verbum
922 1545 973 1601 Dei

116 1627 229 1686 bebene
252 1629 412 1689 bominem.
435 1633 522 1690 Video
536 1634 572 1689 de
595 1632 703 1705 quibus
722 1635 809 1690 rebus
822 1634 934 1706 loquer,
946 1640 975 1691 et

114 1719 186 1791 quie
199 1720 312 1793 loquar,
327 1724 480 1796 atquibus
495 1722 608 1797 loquar.

152 1810 196 1866 16.
213 1814 298 1869 Nunc
320 1814 420 1871 audite
440 1814 476 1872 de
491 1814 703 1873 reeurrectione
723 1832 888 1888 corporum,
913 1831 971 1873 non

112 1915 174 1969 me,
189 1903 240 1959 aed
254 1901 410 1961 Dominum
427 1905 605 1972 locuturum,
617 1911 732 1978 propter
746 1921 795 1963 eoa
811 1905 859 1976 qui
874 1921 971 1962 resur·

112 1994 406 2064 rexerunteurgendo
417 2010 435 2050 a
446 1998 549 2066 morte,
560 1995 729 2052 inherendo
740 1995 872 2052 vitandi
887 1994 971 2051 vitet

110 2078 181 2143 Qne
197 2096 255 2136 non
272 2082 351 2139 novit
376 2088 509 2140 mortem.
524 2084 618 2148 Quare
642 2100 699 2142 non
724 2088 803 2141 novit
822 2085 970 2142 morterni

111 2169 188 2237 Quia
204 2170 297 2226 nescit
318 2171 555 2229 mutabilitatem.
570 2176 663 2238 Quare
683 2173 775 2231 neeoit
792 2174 969 2230 mutabilita-

111 2263 172 2315 tem
184 2258 200 2316 i
213 2259 287 2325 Quia
306 2262 365 2319 rite
377 2265 422 2319 eet
436 2263 467 2319 in
487 2264 656 2336 semetipso.
670 2265 704 2320 Et
720 2267 878 2335 potestatem
893 2264 970 2321 dedit

111 2350 139 2404 ei
152 2350 331 2421 etjrediet‘um
344 2354 447 2421 faeere,
464 2354 529 2424 puio
542 2354 621 2423 filim
635 2353 754 2409 dominis
768 2358 817 2411 eat.
828 2353 908 2418 Quod
922 2354 968 2425 ju·

111 2436 236 2507 dicium,
246 2439 332 2513 quale
343 2443 487 2513 iudicium
499 2441 513 2499 l
527 2444 616 2501 Nolite
626 2446 728 2500 mirari
741 2445 799 2513 troc,
812 2445 883 2516 quia
897 2445 966 2515 dixi,

111 2527 192 2585 Dedit
205 2531 234 2586 ei
246 2533 403 2602 potestatem
417 2540 442 2589 et
455 2532 592 2602 iudiciuae
601 2536 705 2604 toene.
722 2534 873 2603 Qaicoeott
889 2534 966 2591 toro.

109 2616 175 2674 Non
189 2617 314 2688 addidit,
328 2628 357 2677 et
370 2638 445 2677 nane
460 2626 499 2678 est
511 2640 521 2679 .·
532 2638 602 2695 ergo
618 2623 719 2681 boram
729 2625 889 2695 quamdam
904 2624 968 2680 vult

109 2707 264 2766 insinuare
278 2709 308 2766 in
323 2710 381 2768 line
395 2712 505 2769 seculi.
520 2712 598 2770 llora
613 2729 690 2770 nunc
705 2719 750 2770 est
766 2721 798 2770 ut
814 2722 965 2783 resurgam

110 2797 232 2866 mortni,
243 2797 315 2855 bora
322 2799 379 2856 erit
398 2801 428 2857 in
440 2801 498 2859 line
509 2802 608 2859 seculi
620 2807 653 2859 ut
663 2807 816 2874 resurgant
831 2804 938 2860 mortui
956 2820 963 2861 :

108 2887 160 2942 ead
174 2893 331 2959 resurgant
344 2905 421 2946 nuno
435 2889 467 2947 in
482 2895 591 2959 mente,
607 2896 677 2948 tunc
696 2893 727 2948 in
742 2907 849 2961 eerne;
867 2908 965 2948 resur·

1030 833 1117 887 quarn
1125 817 1187 888 jam
1199 820 1362 877 intellectae
1372 821 1527 878 elucescat.
1539 822 1611 880 Cum
1627 826 1763 898 superius
1773 826 1885 887 dietum

1029 914 1116 978 esset,
1135 911 1209 968 Venit
1223 912 1291 969 liora
1300 930 1312 979 ;
1324 913 1446 984 eddidit,
1461 918 1486 971 et
1497 931 1571 971 nunc
1584 922 1649 976 est:
1670 920 1755 977 modo
1775 928 1883 995 autem,

1031 999 1106 1057 Vertit
1123 1000 1210 1070 iorc;
1226 1019 1282 1059 non
1303 1002 1468 1074 eddidit,et
1490 1021 1565 1061 oenc
1579 1016 1626 1064 est.
1653 1011 1761 1066 Tamen
1783 1026 1884 1069 omnes

1029 1106 1128 1157 anses,
1144 1107 1244 1148 omnes
1255 1092 1411 1149 claviculas
1426 1094 1653 1165 calumniarum,
1669 1114 1772 1156 omnee
1788 1100 1882 1157 nodoe

1028 1179 1199 1251 laqueorum
1223 1188 1319 1252 aperta
1340 1184 1459 1240 veritate
1473 1185 1643 1259 disrumpat.
1669 1190 1760 1246 Nolite
1782 1192 1884 1247 mirari

1028 1269 1096 1331 bom·
1116 1273 1185 1343 quia
1199 1274 1273 1328 versit
1287 1273 1365 1341 bora,
1378 1276 1407 1329 in
1422 1291 1475 1346 pcc
1490 1290 1582 1332 omrret
1592 1278 1641 1348 qui
1654 1279 1882 1339 intercurrentis

1028 1363 1101 1413 suat.
1112 1360 1186 1424 Quid
1197 1359 1382 1416 evidentius‘l
1393 1362 1462 1433 quid
1478 1364 1643 1432 expressius
1654 1363 1668 1420 i
1678 1366 1803 1439 Corpore
1812 1376 1882 1427 aunt

1029 1447 1058 1503 in
1070 1450 1284 1505 monumentis:
1297 1451 1402 1506 animia
1413 1468 1471 1507 nou
1484 1460 1552 1508 sunt
1566 1453 1594 1508 in
1607 1455 1814 1524 monumentis,
1827 1472 1881 1515 nae

1024 1537 1182 1607 justorum,
1200 1540 1880 1610 neciniquoruminetianimainsinudbrehre

1028 1624 1092 1691 luit,
1117 1626 1211 1698 iniqui
1235 1629 1334 1684 anima
1357 1631 1434 1702 apud
1457 1631 1564 1688 inlares
1590 1633 1777 1704 torquebatur
1801 1634 1877 1705 (ltro.

1027 1732 1083 1786 xor,
1100 1717 1193 1788 22-25)
1210 1734 1217 1773 :
1235 1717 1263 1774 in
1281 1725 1481 1787 monumento,
1495 1738 1547 1778 nec
1563 1720 1622 1790 iila,
1637 1738 1690 1779 nee
1705 1721 1766 1780 illa.
1783 1723 1892 1797 Sapo--

1027 1806 1089 1863 riue
1116 1809 1233 1879 quando
1258 1810 1401 1870 sitierit
1424 1810 1539 1881 dorcet
1562 1829 1637 1870 oenc
1664 1818 1725 1878 est,·
1748 1813 1879 1889 obsecro,

1022 1894 1174 1953 intendite.
1186 1897 1296 1965 Nostis,
1312 1899 1424 1968 iratres,
1437 1900 1505 1973 quia
1520 1903 1556 1958 ed
1568 1919 1673 1973 panem
1683 1903 1793 1961 ventris
1810 1919 1879 1962 cum

1023 1983 1120 2042 labore
1137 1988 1321 2058 pervenitur;
1338 1995 1449 2062 quanto
1466 1992 1558 2063 magis
1577 1993 1613 2049 nd
1629 2010 1733 2064 panem
1751 1992 1879 2051 mentiei

1023 2074 1095 2130 Cum
1114 2075 1319 2144 laborassetis,
1335 2084 1362 2133 et
1387 2080 1515 2147 auditis;
1534 2082 1583 2137 sed
1601 2098 1653 2138 noe
1678 2099 1745 2139 eum
1769 2084 1879 2156 majora

1022 2170 1144 2235 elautus,
1160 2172 1190 2223 et
1205 2166 1362 2239 loquimur.
1378 2171 1406 2223 Si
1423 2170 1592 2227 laboramus
1615 2181 1731 2244 propter
1746 2188 1807 2243 voe,
1818 2174 1880 2231 ool·
1964 2220 1967 2231 .

1022 2254 1153 2312 laborare
1176 2272 1233 2312 non
1260 2258 1372 2314 debetis
1387 2265 1502 2331 proptor
1516 2261 1633 2316 eoadem
1654 2260 1727 2317 rosi
1740 2260 1880 2334 Superius

1022 2359 1089 2416 ergo
1104 2362 1169 2402 cum
1187 2347 1302 2411 diceret,
1323 2349 1396 2404 Venit
1411 2352 1488 2421 tiore,
1504 2357 1531 2405 sl
1556 2350 1684 2422 adderet,
1695 2356 1722 2406 et
1735 2366 1812 2408 certe
1826 2355 1880 2422 ert,

1022 2434 1094 2507 quid
1118 2437 1267 2507 subjecit?
1289 2439 1406 2508 Quando
1429 2441 1535 2495 mortui
1564 2440 1678 2496 audierit
1702 2455 1792 2497 eorem
1811 2441 1880 2499 Filii
1945 2446 1949 2455 “

1024 2525 1080 2592 Dei,
1095 2533 1120 2581 et
1135 2527 1183 2597 qui
1193 2526 1336 2583 audierint
1350 2531 1450 2584 vicent.
1463 2529 1524 2586 Non
1538 2527 1623 2599 dixit,
1639 2528 1750 2586 Omnes
1769 2528 1879 2587 mortui

1022 2617 1152 2685 audient,
1168 2621 1195 2673 et
1211 2618 1260 2690 qui
1277 2618 1424 2675 audierint
1439 2620 1535 2676 vivent
1551 2637 1558 2688 ;
1577 2627 1705 2676 mortuos
1725 2621 1803 2677 enim
1820 2620 1879 2679 ini·

1022 2722 1095 2779 quoe
1105 2706 1360 2782 volebatintelligi.
1369 2709 1403 2765 let
1415 2709 1559 2781 numquid
1573 2725 1676 2767 omnes
1685 2708 1781 2782 iniqui
1792 2709 1879 2768 obeu-

1021 2798 1106 2853 diunt
1134 2799 1429 2873 Evangelio‘lltperte
1456 2800 1526 2857 dicit
1553 2800 1721 2873 Apostolus,
1745 2800 1799 2858 Sed
1821 2816 1878 2860 nort

1021 2904 1113 2945 omnes
1132 2889 1283 2947 obaudirent
1297 2890 1448 2961 Eonapelio
1468 2892 1555 2964 (item.
1571 2909 1599 2959 x,
1617 2892 1671 2963 lli).
1688 2892 1799 2949 Tamen
1824 2891 1877 2965 qui

108 2978 179 3045 gent
190 2989 270 3030 nunc
289 2975 320 3031 in
338 2979 433 3034 mente
448 2994 500 3051 per
514 2978 642 3035 Verbum
659 2979 710 3036 liei
725 2978 830 3036 Filium
847 2979 908 3050 Dei,
920 2995 965 3036 re·
1021 2979 1155 3042 audiunt.
1169 2979 1282 3048 vivent;
1297 2981 1367 3053 quia
1382 2997 1482 3037 omnes
1502 2982 1552 3054 qui
1567 2981 1730 3039 obaudiunt
1744 2982 1879 3055 Evange-

108 3068 233 3134 anrssant
256 3070 327 3123 tuno
349 3068 380 3123 in
404 3084 493 3126 carne
516 3085 567 3141 per
580 3069 704 3127 Verbum
726 3070 776 3128 Dei
792 3086 908 3128 earnem
921 3070 966 3129 la·
1021 3067 1070 3137 lio,
1086 3069 1232 3126 transient
1246 3070 1281 3125 ad
1301 3071 1389 3126 vitam
1412 3075 1549 3127 eternam
1569 3071 1721 3144 perlidem
1739 3087 1816 3129 :non
1831 3075 1878 3130 ta·

109 3157 203 3225 otum,
221 3153 315 3211 lilium
330 3155 466 3214 hominis.
483 3157 583 3232 Neque
598 3159 676 3216 enim
692 3159 881 3230 adjudicium
892 3159 968 3220 vivo·
1018 3172 1084 3211 men
1107 3172 1209 3213 omnes
1234 3157 1407 3228 obaudiunt,
1424 3162 1451 3214 at
1467 3157 1522 3214 hoo
1538 3163 1681 3214 nunceet.
1696 3159 1732 3214 dt
1755 3174 1822 3217 vero
1845 3158 1877 3218 iu

111 3259 178 3300 rnm
193 3248 223 3302 et
238 3252 417 3305 mortuorum
434 3248 517 3305 Pater
529 3250 590 3321 ipse
603 3254 742 3306 venturus
764 3255 831 3308 est:
854 3267 906 3307 neo
925 3259 966 3308 te·
1022 3248 1089 3314 line,
1105 3251 1259 3318 omnesqui
1277 3259 1343 3304 runt
1357 3250 1388 3304 ia
1402 3247 1600 3310 monumentis.
1617 3247 1671 3304 boc
1695 3258 1738 3305 aet
1752 3249 1824 3320 lusti
1847 3251 1878 3305 et

112 3350 180 3393 men
205 3337 316 3393 recedit
329 3355 346 3394 a
369 3339 442 3396 Filio
466 3341 560 3396 Peter.
578 3340 728 3408 Quomodo
752 3358 820 3414 ergo
835 3360 893 3399 non
907 3343 967 3412 ipse
1020 3340 1132 3410 injucti,
1148 3340 1261 3396 audient
1276 3357 1365 3397 uocem
1379 3340 1447 3412 ejus,
1462 3346 1490 3396 et
1499 3339 1652 3410 procederet.
1665 3340 1816 3402 Quomodo
1831 3355 1879 3397 no·

112 3428 256 3481 recturus
269 3429 315 3482 eet
327 3426 342 3482 i
355 3426 494 3490 Quianon
509 3428 573 3501 ipse
587 3429 731 3486 ridebitur
745 3429 902 3500 injudinio.
918 3427 968 3487 tt·
1021 3428 1075 3485 luit
1095 3431 1200 3499 dicere,
1220 3438 1245 3487 et
1266 3434 1377 3489 citent?
1397 3435 1504 3487 Omnes
1529 3429 1607 3487 enim
1633 3429 1800 3501 procedent,
1824 3430 1878 3487 eed

108 3512 218 3570 ateium
231 3515 262 3570 in
276 3530 356 3587 poem
372 3518 778 3591 papaperaotlloonuumiii).
800 3520 904 3576 Forma
917 3518 968 3576 illa
1021 3535 1079 3575 non
1103 3536 1205 3577 orrinee
1228 3521 1334 3578 vivent.
1351 3521 1382 3576 ln
1403 3536 1436 3577 oo
1461 3520 1569 3593 quippe
1587 3519 1663 3591 quod
1679 3535 1768 3588 supra
1791 3517 1874 3591 dixit,

109 3602 282 3675 eritJndex,
297 3621 362 3678 quae
377 3607 459 3664 stetit
474 3607 529 3665 sub
540 3609 658 3679 judice;
675 3609 726 3665 ille
737 3610 884 3680 judicabit
903 3625 966 3681 que
1021 3613 1051 3667 dt
1075 3611 1125 3681 qui
1142 3609 1281 3667 audierint
1299 3611 1412 3677 vivent;
1431 3610 1461 3665 in
1485 3608 1550 3682 ipsa
1574 3607 1760 3666 obauditione
1784 3610 1876 3667 vitam

103 3692 239 3765 judicate
263 3700 308 3752 eet
328 3712 336 3753 :
358 3697 492 3768 judicata
515 3701 561 3756 est
583 3699 661 3757 enim
689 3699 800 3772 inique,
823 3700 966 3771 judicabit
1020 3704 1158 3756 eternam
1172 3698 1295 3773 intelligi
1311 3698 1676 3772 voluitetbeatam,quam
1694 3715 1751 3756 non
1772 3714 1876 3757 omnes

102 3783 196 3855 jueta.
221 3784 325 3843 Veniet
348 3801 414 3857 ergo
440 3788 532 3844 torma
563 3789 649 3860 aerei,
666 3794 695 3845 et
718 3789 780 3861 ipsa
802 3789 965 3861 apparebit.
1019 3789 1231 3862 habebuntqui
1247 3791 1283 3846 da
1299 3789 1496 3847 monumentis
1512 3790 1678 3860 procedent.
1693 3787 1757 3846 iam
1768 3794 1877 3862 ergoet

104 3871 222 3929 Etenim
248 3873 405 3932 lormeDei
429 3877 965 3950 quomodoappareretjnetieatini·
1020 3881 1296 3937 commemoratione
1327 3883 1598 3948 monumentorum,
1628 3881 1657 3936 et
1689 3878 1876 3952 expressione

106 3964 202 4036 qnie‘l
216 3965 291 4023 llam
306 3966 329 4024 ai
340 3967 486 4039 judicium
502 3984 561 4026 non
577 3968 657 4025 fleret
672 3968 729 4026 niei
744 3969 820 4026 inter
834 3969 965 4040 eoloeju·
1020 3967 1215 4040 processionis
1226 3970 1261 4025 de
1271 3966 1479 4031 monumentis,
1491 3972 1587 4040 aperte
1603 3967 1796 4041 intelligimus
1810 3984 1877 4027 cor·

106 4056 181 4120 stoa,
197 4060 349 4125 appareret
360 4057 598 4129 tanquamjustie
615 4057 708 4114 torma
723 4058 775 4113 Dei
792 4077 799 4115 :
816 4059 883 4130 quia
899 4074 965 4116 voro
1020 4076 1123 4131 porum
1140 4059 1390 4117 resurrectionem.

104 4139 254 4213 judicium
271 4144 402 4201 luturnm
419 4147 618 4216 eetjustornrn
637 4151 666 4203 at
678 4147 965 4221 iniquorumneoli-
1056 4153 1100 4208 18.
1112 4150 1229 4207 Aridient
1249 4166 1341 4206 omnes
1356 4165 1445 4206 ocrem
1464 4150 1535 4220 ejas,
1555 4158 1581 4206 et
1601 4148 1754 4220 procedent.
1774 4147 1811 4204 tlt
1824 4147 1874 4205 ubi

107 4234 157 4288 cet
172 4235 205 4289 ut
217 4231 310 4304 iniqui
323 4235 435 4291 videant
449 4240 559 4306 Deum;
575 4238 654 4294 Beati
669 4237 747 4293 enim
763 4238 859 4293 mundi
873 4238 962 4306 corde,
1016 4242 1171 4313 judicium,
1187 4243 1209 4297 si
1234 4257 1336 4299 omnes
1361 4238 1490 4306 audient,
1512 4242 1540 4294 ot
1568 4254 1669 4294 omnes
1696 4235 1875 4308 procedenti

105 4322 241 4392 quoniam
255 4322 407 4396 ipsilieum
421 4325 548 4381 videbunt
563 4325 668 4397 licui.
687 4344 714 4397 v,
729 4327 773 4399 8);
791 4328 855 4383 talia
876 4345 964 4400 appe·
1019 4333 1104 4398 Quasi
1126 4336 1216 4388 totum
1241 4330 1396 4385 contusum
1417 4335 1481 4396 est;
1499 4327 1572 4383 nihil
1595 4326 1675 4382 video
1700 4325 1871 4383 discretum.

106 4412 185 4467 rebit
195 4411 297 4482 judex,
309 4413 406 4486 qualia
417 4416 507 4472 videri
524 4418 651 4490 possitet
662 4420 697 4475 ab
709 4421 750 4475 eis
760 4435 834 4492 quoe
848 4436 966 4477 corona·
1019 4421 1100 4478 Certe
1110 4420 1245 4491 accepisti
1258 4423 1429 4489 potestatem
1439 4413 1602 4486 judicandi,
1612 4413 1680 4485 quia
1691 4412 1770 4469 lilius
1780 4412 1873 4472 homi·

103 4504 194 4556 turus
205 4508 261 4572 set,
271 4508 301 4560 et
315 4503 350 4561 ab
365 4503 408 4560 eie
421 4520 495 4577 quoe
510 4506 705 4565 damnaturus
715 4514 769 4564 eet.
783 4508 887 4566 Forma
897 4525 964 4583 ergo
1019 4511 1064 4567 nis
1079 4527 1131 4579 es3
1154 4524 1221 4565 ecee
1237 4507 1333 4563 aderis
1345 4507 1373 4562 in
1387 4505 1510 4578 judicio,
1522 4512 1673 4576 resurgant
1688 4518 1824 4575 corpora:
1836 4505 1873 4562 de

104 4593 185 4647 eaesi
201 4592 356 4661 ridebitur,
371 4595 487 4653 occulta
501 4600 556 4655 erit
570 4599 663 4655 forme
679 4599 738 4656 Dei.
754 4599 890 4657 Occultue
909 4599 966 4658 erit
1018 4600 1083 4672 ipso
1095 4596 1207 4670 judicio
1221 4595 1268 4651 dic
1283 4595 1404 4666 aliquid,
1414 4594 1469 4650 boe
1484 4598 1529 4650 eet
1542 4594 1578 4648 de
1593 4591 1767 4650 discretione
1781 4591 1873 4653 malo·

104 4680 141 4736 in
155 4695 238 4736 servo
253 4681 344 4739 Filius
357 4683 420 4754 Dei,
436 4691 465 4741 et
477 4687 627 4758 apparebit
642 4686 720 4743 lilius
743 4688 867 4745 horninie
878 4707 886 4757 ς
898 4690 965 4759 quie
1019 4710 1084 4749 rum
1100 4697 1129 4747 et
1144 4691 1298 4746 bonorum.
1314 4691 1350 4745 Et
1361 4690 1415 4745 hoc
1431 4688 1522 4745 audi:
1540 4686 1593 4756 Qui
1609 4685 1678 4743 bono
1692 4689 1827 4759 feceruut,
1842 4687 1873 4743 irt

102 4774 268 4842 potestatem
277 4772 354 4830 dedii
368 4775 395 4830 ei
403 4780 432 4830 et
441 4775 582 4846 judicium
592 4779 693 4847 terere,
702 4778 769 4850 quio
785 4779 860 4848 filice
876 4779 965 4837 bomi-
1018 4777 1632 4851 resurrectiorreot'tae:quimulceperunt,ic
1646 4773 1872 4833 resurrectionem
1947 4796 1954 4801 ·

103 4860 155 4915 rrt‘s
168 4863 218 4915 est.
234 4860 270 4917 tit
284 4862 352 4934 quia
366 4861 430 4933 ipse
448 4862 529 4922 solue
543 4867 691 4938 apparebit
709 4868 738 4922 in
763 4868 857 4925 torma
875 4868 962 4942 servi,
1012 4874 1127 4944 judieii.
1143 4870 1285 4943 Superius
1313 4887 1380 4926 cum
1401 4870 1436 4926 ds
1456 4867 1669 4926 resurrectione
1684 4863 1827 4920 mentium
1842 4863 1872 4918 et

103 4946 299 5006 Peterautam
311 4952 676 5025 nonapparebit.quianon
687 4955 964 5015 eatindutueiorme
1017 4962 1182 5019 animarum
1196 4960 1375 5032 loqueretur,
1398 4959 1541 5032 numquid
1559 4957 1624 5014 lecit
1639 4947 1871 5010 discretionem?

101 5037 204 5108 servm
221 5040 285 5098 ideo
298 5043 586 5115 superioritatem
600 5047 774 5119 conjudicat
788 5065 962 5122 quemquam,
1017 5054 1072 5109 Sed
1083 5068 1187 5109 omnes
1202 5053 1253 5124 qui
1268 5053 1397 5117 eudianl,
1412 5051 1526 5116 vivent;
1543 5048 1612 5119 quis
1626 5041 1808 5103 obaudiendo
1827 5039 1870 5097 ri·

99 5127 249 5186 aedom
258 5132 397 5205 judiciam
409 5133 486 5191 dedit
497 5136 577 5194 Filio.
594 5137 670 5194 Bene
685 5154 753 5211 ergo
772 5139 962 5209 dilatumeet,
1017 5146 1216 5201 ventlltvcm
1227 5143 1405 5215 resurgendo
1416 5146 1445 5197 et
1458 5136 1639 5211 procedendo
1650 5134 1684 5189 ds
1695 5146 1871 5188 monumen·
1922 5142 1931 5153 ·

102 5227 140 5277 nt
154 5219 220 5292 ipae
232 5225 470 5297 essetexpositor
480 5227 527 5296 qui
540 5227 713 5300 propositor.
731 5229 871 5302 Superius
883 5233 962 5288 enim
1017 5234 1065 5300 tis,
1086 5249 1144 5290 non
1168 5248 1269 5289 omnes
1293 5232 1329 5287 ed
1353 5232 1441 5285 vitam
1466 5235 1602 5282 eternam
1626 5222 1721 5291 ibunt,
1745 5220 1798 5279 sed
1818 5221 1870 5295 qni

101 5312 256 5368 occuitum
272 5323 350 5384 erat;
363 5330 441 5372 nune
452 5316 525 5387 jam,
538 5321 571 5373 ut
585 5317 711 5375 arbitror
722 5318 909 5377 maniteetum
920 5325 964 5379 est
1017 5323 1089 5379 bene
1114 5323 1266 5378 lecerunt:
1288 5320 1337 5392 qui
1364 5325 1461 5373 autem
1485 5314 1571 5382 male,
1587 5313 1623 5369 ad
1644 5312 1801 5384 judicium.
1817 5312 1868 5369 iiio

101 5399 178 5475 quia
192 5401 266 5460 dedit
279 5403 476 5472 etpotertctem
490 5413 517 5463 et
526 5407 664 5479 judicium
677 5411 778 5479 tacere,
795 5410 864 5483 quie
883 5412 963 5469 Pater
1016 5412 1094 5467 enim
1107 5409 1252 5481 judicium
1269 5424 1320 5479 pro
1336 5424 1420 5478 prena
1435 5404 1541 5479 posuit.
1553 5404 1588 5460 tlt
1599 5405 1652 5461 erit
1662 5405 1826 5477 diremptio,
1841 5421 1858 5461 e

100 5505 163 5548 noo
172 5491 467 5570 judicatquempscm,
478 5496 614 5556 eademne
627 5499 765 5570 iodicium
783 5499 854 5557 dedit
873 5502 962 5561 Fitior
1016 5516 1074 5557 non
1085 5500 1181 5570 qualis
1198 5498 1283 5554 modo
1298 5502 1351 5554 eet.
1367 5495 1441 5553 Nam
1456 5504 1486 5554 ot
1505 5497 1591 5553 modo
1616 5513 1786 5569 separamur
1810 5510 1869 5553 non

101 5579 178 5653 qnia
189 5581 334 5654 iudicium
350 5601 401 5659 per
416 5585 498 5645 illem
519 5587 642 5647 lorrnam
655 5588 786 5648 interum
801 5593 856 5663 eat,
872 5607 960 5664 quem
1017 5589 1102 5661 locis,
1127 5590 1175 5645 sed
1204 5588 1346 5658 mortbne,
1361 5588 1529 5657 affectione,
1551 5588 1713 5657 desideriis,
1731 5587 1799 5654 lide,
1817 5596 1869 5657 epa
1932 5622 1936 5629 -
