3952 6150
191 146 261 207 2155

567 136 613 197 ΒΕ
631 136 867 199 MIRABILIBUS
886 139 1016 198 SACRAE
1034 140 1260 211 SCRlPTURAE‚
1281 142 1313 201 S.
1331 136 1524 200 AUGUSTINI

1836 136 1907 202 arsa

190 275 250 330 Deo
265 270 374 345 placita
388 267 505 334 obtulit,
523 267 696 340 prosapiam
719 266 835 338 generis
854 266 885 321 in
903 265 1012 322 saeculo
1068 283 1138 338 nus,
1155 283 1224 323 oum
1232 266 1336 324 mortis
1349 267 1492 324 humanae
1512 264 1706 323 maledictum
1718 269 1907 339 resurgendo

190 360 253 403 non
265 344 392 415 reliquit,
409 347 437 397 et
453 341 588 412 martyrii
608 355 751 396 coronam
771 337 926 408 sanguinis
944 335 1017 392 ellu-

192 413 457 488 sionepromeruit.
467 413 494 469 Si
504 411 708 481 ergolongiori
716 414 899 480 tempore,ut
907 409 1015 475 Enoch,

190 489 262 545 Abel
280 490 437 550 maneret;
463 484 527 538 sine
550 481 610 537 ulla
629 480 816 536 dubitatione
842 480 1018 552 conjugium

191 561 287 617 iniret.
304 558 421 629 Quippe
436 556 486 626 qui
507 555 682 622 intempore
700 552 780 607 illius
805 551 880 622 legis
897 554 1017 616 viveret,

192 648 260 705 quae
272 631 354 694 dixit,
371 627 497 690 Crescite,
512 632 536 680 ct
552 623 786 695 multiplicamini,
802 631 828 678 ct
845 622 951 694 implete
964 630 1019 678 ter-

192 720 253 759 ram
269 702 346 773 (Gen.
363 716 381 764 r,
394 699 450 767 28).
460 699 491 751 Et
502 695 525 749 si
537 695 611 750 illud
623 696 801 751 mandatum
817 696 1019 767 expleret,pro

192 780 272 832 certo
287 785 480 842 nequaquam
495 767 578 837 virgo
591 773 679 823 esset.
692 767 759 822 Etsi
773 766 857 823 illum
870 769 945 822 lleus
956 768 1019 821 sine

192 851 288 903 morte
309 846 447 903 servaret,
474 840 609 909 martyrii
638 839 802 909 primatum
826 852 1019 909 nequaquam

194 916 353 987 acciperet.
370 912 533 979 Recteergo
545 909 743 980 competebat,
760 916 792 964 ut
805 910 856 980 qui
868 908 1020 980 primusin

195 983 507 1057 terrajustuseligitur,
516 982 585 1036 ineo
595 981 807 1051 totiusjustitiae
821 980 1021 1035 lormaserva-

192 1066 282 1125 retur,
303 1057 410 1127 cuique
427 1056 524 1125 primo
544 1053 575 1107 in
591 1053 765 1108 homiuibus
785 1056 852 1133 post
876 1050 1019 1106 delictum

194 1135 310 1201 gestare
323 1126 452 1196 liguram
461 1124 633 1181 conceditur
647 1123 880 1194 Salvatorrs,qui
891 1124 985 1191 virgo,
994 1128 1022 1177 et

194 1201 346 1263 sacerdos,
365 1204 394 1253 et
408 1203 521 1269 martyr
534 1211 599 1250 esse
615 1195 743 1250 videtur.
760 1195 861 1250 Enoch
877 1209 946 1248 vero
959 1195 1022 1248 sine

194 1271 453 1343 morte,pertotius
462 1267 643 1340 penesaeculi
652 1273 908 1337 tempusremotus
919 1265 957 1319 ab
971 1265 1022 1320 ho-

81 1342 84 1347 ’
193 1346 311 1402 minum
324 1341 552 1398 conversatione
567 1340 740 1404 custoditur,
756 1342 788 1392 at
801 1338 830 1391 in
845 1353 881 1392 eo
896 1338 1023 1407 qualiter

193 1416 352 1473 hominum
365 1413 502 1468 homines
514 1412 538 1464 si
547 1425 606 1465 uon
615 1416 783 1478 peccarent,
792 1415 933 1479 generata
940 1407 1023 1480 prole

196 1481 1024 1552 commutarenturinvitamspiritualemsinemorte‚os-

195 1551 1024 1622 tenderetu1·.Sedlicellongoreservatustemporeadhuc

195 1628 400 1699 vivat;mortis
412 1634 512 1681 tamen
528 1622 911 1695 debitum,quodomnesin
928 1622 1024 1678 Adam

197 1702 395 1771 sumpsimus,
404 1698 495 1752 vitare
508 1712 568 1751 non
578 1697 694 1767 poterit.
705 1694 985 1749 tlerteinbocetiam
993 1693 1024 1748 il·

197 1772 250 1829 lud
265 1770 400 1831 occurrit,
412 1769 490 1823 unde
500 1765 650 1822 scribendi
665 1765 897 1821 demirabilibus
907 1764 1025 1821 occasio

199 1841 552 1913 sumptavidetur‚qaare
564 1837 651 1909 quasi
666 1843 769 1893 contra
783 1844 934 1901 naturam,
951 1837 1027 1892 ultra

199 1914 324 1972 humani
348 1914 402 1967 tevi
428 1920 532 1979 metas,
556 1910 647 1979 liujus
664 1910 724 1964 rita
740 1916 800 1963 tam
816 1910 907 1977 longo
923 1908 1027 1964 admo·

201 1988 415 2055 dumtempore
425 1981 615 2037 distenditur.
624 1980 796 2036 Attamenin
808 1980 864 2036 hoc
877 1995 936 2035 non
948 1994 1028 2035 nova

201 2066 309 2115 natura
325 2057 376 2110 uni
396 2054 509 2110 homiui
526 2053 674 2121 gignitur:
691 2052 744 2107 sed
760 2052 883 2123 pristina
898 2056 927 2106 et
940 2066 1027 2120 gene·

201 2130 273 2185 ralis
288 2128 425 2183 omnium
441 2125 597 2181 lrominum
610 2123 934 2192 gubernatur.lnsitum
946 2121 1026 2177 euim

202 2202 283 2256 omni
291 2198 406 2254 homini
414 2198 444 2251 in
454 2195 551 2267 prima
559 2194 730 2250 conditione
742 2193 962 2250 Geneseoslibri
970 2194 1028 2248 his·

202 2273 310 2327 toriam
324 2266 584 2325 considerantibus
595 2281 661 2320 esse
674 2272 808 2337 apparet,
822 2272 921 2321 utnon
929 2264 1026 2321 solum

203 2346 296 2413 longo
322 2348 465 2465 tempore,
492 2344 545 2393 sed
564 2339 653 2393 etiam
672 2344 816 2407 perpetuo
838 2338 957 2404 viveret,
972 2336 1028 2391 nisi

202 2413 316 2486 peccati
327 2429 383 2467 acu
395 2428 431 2467 eo
446 2426 527 2466 mors
539 2416 651 2465 natura
662 2415 756 2463 metas
772 2409 991 2464 exterminaret.

203 2487 315 2542 tjrll’lil'
330 2485 373 2538 lV.
384 2515 417 2522 -
431 2482 469 2536 Dc
484 2497 513 2535 ec
527 2481 596 2551 quod
609 2487 717 2533 terreno
732 2487 837 2534 tautam
849 2480 986 2535 animatio
998 2480 1028 2534 r'a

424 2552 533 2607 dilucio
548 2551 709 2621 mortificato
724 2558 800 2606 scrut.

238 2625 310 2679 lnde
334 2639 475 2695 processu
501 2623 653 2693 temporis,
669 2621 842 2677 bominibus
861 2624 926 2690 post
941 2621 1028 2689 origi·

202 2698 270 2754 nale
287 2700 442 2767 peccatum
454 2708 506 2765 per
522 2694 642 2764 propria
655 2692 756 2747 studia
768 2693 797 2746 in
814 2690 864 2746 Dei
879 2692 1026 2746 ollensam

202 2767 446 2840 procedentibus,
477 2770 504 2819 et
523 2769 552 2819 iu
577 2763 759 2818 oblivionem
785 2763 830 2817 sui
859 2762 1026 2818 conditoris

202 2837 421 2900 decidentibus,
436 2851 503 2890 cum
525 2849 578 2906 per
593 2848 716 2890 enorme
736 2839 903 2904 peccatum,
921 2834 1027 2902 grandi

202 2910 335 2981 corporis
355 2907 432 2963 mole
449 2907 586 2978 gigantes
601 2911 703 2961 essent
717 2906 821 2974 exorti,
839 2907 927 2960 totius
943 2910 1028 2961 terrm

202 2982 321 3037 lacinus
346 2979 433 3048 aquis
455 2977 569 3033 diluere
584 2984 670 3049 parat
693 2981 744 3032 :et
764 2977 827 3031 viro
849 2976 978 3048 perlecto
997 2977 1026 3032 in

201 3066 309 3123 genere
319 3056 505 3120 suoreperto,
515 3047 852 3104 NoevidelicetLamecli
865 3048 937 3112 filio,
947 3063 1028 3120 mys-

201 3125 307 3179 terium
330 3122 441 3178 consilii
463 3123 508 3175 sui
525 3120 580 3176 soll
596 3122 736 3185 insinuat,
753 3118 839 3191 eique
858 3135 960 3176 arcam
975 3135 1028 3190 per

199 3196 282 3264 longi
298 3194 440 3264 temporis
456 3192 585 3264 spatium
605 3191 751 3246 fabricare
768 3193 960 3247 commendat
974 3208 981 3246 r
996 3197 1028 3247 ut

199 3266 246 3322 vel
260 3266 307 3322 rllc
319 3281 372 3337 per
386 3264 561 3320 boclactum
570 3270 663 3318 morte
672 3262 922 3317 imminentecum
934 3263 1026 3318 domo

200 3354 256 3393 sna
281 3337 466 3401 liberaretur,
492 3334 539 3389 vel
558 3335 694 3389 videntes
720 3334 882 3388 imminens
903 3333 1025 3389 exitium

200 3409 443 3480 pertimescentes
462 3407 499 3463 ad
513 3405 689 3461 delictorum
705 3405 920 3476 paenitudinem
944 3420 1026 3461 revo-

200 3487 339 3536 carentur
354 3479 430 3551 (Gra.
447 3480 494 3549 u).
512 3477 568 3532 Sed
584 3477 634 3533 illo
653 3476 869 3532 contumaciter
883 3481 911 3531 et
931 3476 1021 3545 negli-

221 3558 303 3608 enlor
331 3551 441 3606 'udicio
461 3555 641 3620 contempto,
660 3564 696 3603 ex
715 3546 866 3619 insperato
891 3552 1023 3628 tempore

200 3568 277 3679 lgleus
293 3568 434 3686 olllansus,
447 3621 484 3676 ad
500 3619 760 3676 communetotius
774 3617 1022 3684 orbisexcidrum,

200 3697 286 3766 aquis
299 3694 436 3749 universa
452 3698 534 3747 terrra
549 3694 645 3763 spatia
663 3695 772 3763 pariter
784 3689 896 3746 obtexit
909 3706 915 3744 :
929 3696 958 3745 et
975 3705 1024 3746 ex-

199 3767 293 3836 ceptis
319 3781 386 3835 quae
407 3779 477 3819 arca
503 3763 659 3829 clauserat,
681 3767 788 3818 cuncta
807 3777 874 3833 quae
896 3762 1024 3818 interra

199 3843 314 3890 tantum
330 3837 424 3890 virere
435 3839 568 3906 possent,
582 3834 721 3889 homines
734 3840 762 3888 et
772 3843 879 3889 caetera
888 3834 1024 3888 animan·

199 3907 241 3961 tia
265 3906 303 3959 ab
323 3907 386 3975 ipso
401 3906 475 3961 coelo
497 3921 577 3975 aqua
602 3906 750 3960 conducta
773 3905 880 3960 delerit
903 3903 955 3975 (ld.
973 3920 1022 3973 ru,

202 3980 308 4045 trac).
326 3978 380 4032 Sed
396 3977 613 4047 universaquae
625 3977 654 4029 in
671 3976 758 4046 aquis
774 3976 870 4031 vivere
887 3982 1021 4046 possunt,

199 4046 288 4120 plaga
311 4047 359 4102 illa
382 4062 441 4102 uon
464 4046 581 4115 tetigit,
606 4052 722 4102 terrena
744 4052 859 4101 tantum
880 4047 1023 4104 animalia

199 4117 577 4183 mortificavitQuoinloco
589 4121 684 4172 astute
692 4117 1023 4188 querentibusacsotu-

199 4190 423 4259 tioneindigens
435 4189 561 4261 quaestio
574 4186 713 4243 subvenit
732 4204 737 4243 :
756 4189 957 4253 Quamobrem
968 4197 1021 4246 ter·

197 4278 269 4319 rena
282 4261 425 4317 animalia
440 4262 580 4316 humanae
593 4260 726 4315 vindictae
739 4260 805 4331 plus
821 4277 913 4331 quam
923 4276 1021 4333 aqua-

199 4335 255 4390 tica
270 4332 479 4397 succumbunt,
490 4347 620 4403 quorum
636 4347 689 4386 nec
704 4331 792 4400 plura
808 4334 1019 4403 peccaminum

197 4404 525 4477 gestasubveuiunt‘llu
538 4409 661 4475 peccato
670 4409 771 4458 tamen
780 4403 1020 4529 primibominis,

197 4483 275 4534 terra
288 4477 325 4531 de
348 4493 410 4548 qua
424 4481 602 4547 gustaverat,
619 4475 719 4530 statim
737 4491 814 4530 mae
836 4474 954 4529 dicitur.
969 4478 1021 4530 Per

196 4549 330 4604 divinum
340 4564 471 4618 namque
495 4545 648 4602 oraculum
661 4546 701 4601 ita
724 4544 857 4610 infertur,
873 4545 1020 4603 Maledicta

196 4618 1019 4689 terrulaoperat-uotld.ur‚lil,etc.Quainreuotandum,

195 4689 263 4760 ipsa
275 4690 416 4745 animalia
426 4706 494 4760 quae
503 4690 804 4745 maledictamterram
818 4689 1020 4745 manducave-

195 4767 272 4825 runt,
281 4763 413 4829 expertia
426 4760 714 4817 irraledictionisesse
723 4776 888 4831 nonposse,
897 4776 1021 4832 praeser-

195 4832 247 4887 tim
283 4848 352 4885 eum
377 4839 453 4887 terra
478 4848 547 4887 cum
570 4832 631 4885 suis
656 4831 838 4886 animalibus
863 4831 1022 4889 maledicta

194 4910 267 4959 erat.
277 4903 462 4973 lterumergo
475 4902 641 4957 aliaadhuc
653 4903 781 4973 quaestio
800 4904 909 4974 surgit:
924 4904 1020 4968 Quare

194 4974 368 5032 Dausetiam
377 4974 463 5046 aquis
475 4973 581 5027 iulldre
594 4973 751 5028 maledicto
766 4988 827 5028 non
839 4973 993 5030 maledixit
1006 4975 1020 5031 i

191 5046 242 5103 Cui
259 5046 395 5102 facillime
410 5043 707 5116 respondetur,quod
721 5059 780 5099 non
794 5060 906 5171 aquam
918 5051 1020 5103 contra

191 5119 381 5175 interdictum
390 5115 599 5179 Dominibibit‚
612 5115 663 5169 sed
682 5115 810 5171 deterrae
837 5116 1019 5173 ructuhomo

195 5186 1019 5261 comedit.Exceptisquoquelrisrationibus,aquisama·

188 5261 604 5331 ledictoAdeeuspepercit,
625 5259 769 5330 quoniam
789 5276 843 5331 per
856 5261 1020 5331 aquamdi-

187 5331 1019 5456 lueremaledictionemillamparaveratffiuodindiluvio

188 5405 397 5469 estlacturn‚et
412 5403 781 5475 nuncperllaptismumin
809 5402 1019 5471 ulgeturrnam

186 5474 303 5555 inaqua
314 5477 456 5547 etspiritu
471 5479 576 5530 sancto
587 5479 694 5530 cuncta
706 5474 841 5530 humana
849 5475 1017 5544 corporalia

186 5543 1018 5618 criminasimuletspiritualiapurganturdqnatiliaenim

188 5614 488 5695 maledietovindictre
501 5633 560 5673 non
575 5619 784 5673 succumbunt.
798 5617 871 5689 quia
890 5617 1019 5675 iurnale-

187 5686 1015 5761 dationisparrnmauonsnonsunamperbocetoomt·

1069 339 1523 410 deposuerat‚nonterrestrium,
1533 338 1586 393 sed
1594 338 1775 410 aquatilium
1783 354 1908 397 carnem

1070 411 1248 468 animalium
1262 410 1450 475 comedebat,
1467 410 1582 465 cunrad
1592 410 1911 469 confirmationemre·

1071 481 1525 553 surrectioniscoramdiscipulis
1533 481 1689 553 piscisassi
1699 488 1821 554 partem
1831 491 1861 539 et
1869 482 1911 541 ia·

1072 553 1777 625 vummellisaccipiensmanducavit(Lac.xxiv,
1792 558 1906 626 tate).

1072 625 1183 683 CAPU'l'
1198 628 1229 680 tt.
1245 656 1280 667 -
1291 626 1331 680 De
1350 624 1520 681 animalibus
1532 640 1591 696 qaae
1603 640 1650 680 aec
1664 627 1695 680 r'a
1709 631 1790 680 terro
1803 631 1909 682 tantan

1107 698 1206 761 cicere,
1223 713 1269 752 acc
1282 697 1312 750 ia
1325 713 1395 767 aquo
1412 703 1517 752 tortam
1533 703 1653 768 possum,
1680 697 1815 768 quomodo
1837 698 1911 754 dila·

1108 769 1181 823 cr'um
1195 770 1339 823 camerini.
1708 839 1714 848 ἱ

1074 840 1149 975 rull
1168 838 1910 989 ltrrillitteraturam},litte

1076 927 1910 1062 vertitur,quomodo'drluvrumevaserunt,qua‘fessont

1074 1053 1155 1119 lutri,
1172 1055 1254 1110 vituli
1270 1054 1388 1118 marini,
1402 1050 1642 1108 etmultaavium
1656 1067 1781 1123 genera,
1797 1070 1867 1127 quae
1880 1056 1909 1112 in

1076 1126 1165 1198 aquia
1178 1141 1315 1182 escarum
1332 1139 1455 1179 suarum
1478 1126 1586 1179 rictum
1603 1125 1774 1195 requirunt,
1803 1127 1860 1183 sed
1878 1127 1909 1183 in

1076 1212 1168 1253 arena
1183 1197 1345 1263 dormiunt,
1363 1200 1391 1250 et
1408 1196 1589 1262 nutriuntur,
1606 1203 1634 1251 et
1648 1197 1855 1268 requiescunt.
1881 1198 1911 1255 si

1078 1284 1148 1339 ergo
1162 1284 1231 1326 arca
1244 1267 1476 1331 includerentur,
1488 1267 1552 1321 sine
1565 1282 1716 1338 aquarum
1728 1269 1910 1340 adjumento

1077 1341 1174 1396 virere
1189 1356 1248 1395 non
1259 1345 1402 1411 possent:
1419 1343 1447 1394 et
1458 1339 1481 1392 si
1494 1342 1578 1393 extra
1590 1353 1693 1395 arcam
1708 1346 1910 1409 remanerent,

1077 1409 1912 1556 atla‘allebatttllltetltitttttttlttts

1081 1554 1211 1618 vertitur,
1226 1556 1329 1609 Utrum
1340 1568 1393 1625 per
1402 1522 1636 1607 virtutem’susm
1648 1526 1912 1611 utramv⁹isearum

1079 1624 1483 1690 naturam,donecdilurium
1494 1624 1913 1698 transiret‚l)enslemperavit

1082 1702 1113 1752 ut
1127 1704 1179 1752 aut
1192 1697 1359 1752 inhumare
1371 1699 1499 1759 tanturn,
1517 1702 1568 1751 aut
1579 1695 1609 1750 in
1619 1696 1704 1753 arida
1715 1701 1838 1754 tantum
1856 1698 1912 1755 illis

1081 1775 1152 1823 tunc
1161 1768 1220 1823 vita
1230 1783 1296 1823 esse
1307 1766 1443 1838 potuerit.
1459 1765 1517 1822 Sed
1529 1767 1581 1838 qui
1593 1766 1654 1822 Noe
1664 1783 1734 1823 cum
1747 1769 1844 1826 domo
1856 1785 1911 1827 saa

1102 1856 1134 1895 er
1142 1855 1252 1905 arcam,
1261 1854 1322 1894 non
1330 1853 1382 1908 per
1392 1839 1531 1893 virtutem
1540 1853 1659 1894 servare
1672 1838 1822 1908 voluerat,
1838 1858 1911 1915 qua·

1080 1856 1146 1967 filei·
1161 1911 1217 1966 hoc
1231 1925 1283 1982 per
1299 1911 1436 1965 virtutem
1451 1909 1600 1965 custodire
1613 1909 1724 1967 vellet?
1740 1914 1787 1968 An
1797 1912 1846 1969 his
1860 1913 1912 1970 ali·

1081 1982 1149 2038 cubi
1163 1979 1585 2053 scopulorumaliquarelugia
1599 1997 1665 2037 esse
1679 1989 1821 2053 poterant
1833 1983 1912 2041 lSed

1081 2055 1169 2111 etiam
1184 2053 1234 2109 illa
1246 2053 1401 2124 quomodo
1410 2052 1609 2116 subvenirent,
1622 2052 1815 2110 dumomnes
1828 2071 1912 2114 mon·

1081 2130 1134 2192 tes,
1175 2123 1430 2179 uibusduodecim
1443 2123 1550 2178 cubitis
1564 2124 1650 2180 altior
1660 2124 1724 2193 luit,
1734 2142 1819 2198 aqua
1832 2133 1910 2198 tege·

1082 2205 1124 2253 rot
1140 2141 1218 2268 ὥρη.
1238 2211 1287 2258 vu,
1307 2195 1352 2266 ab)
1380 2194 1457 2274 ian
1470 2196 1561 2249 etiam
1586 2197 1615 2249 in
1640 2211 1717 2252 arcae
1734 2202 1815 2255 tecto
1839 2199 1910 2256 loris

1081 2285 1112 2325 re
1138 2272 1199 2323 aies
1227 2266 1275 2321 bis
1294 2281 1359 2321 csse
1375 2264 1478 2337 aliqua
1492 2267 1620 2337 valebat,
1635 2269 1715 2338 quod
1730 2285 1750 2325 a
1770 2272 1910 2327 trecentis

1082 2284 1189 2395 cubitis
1203 2336 1409 2408 longitudinis,
1417 2343 1446 2392 et
1454 2336 1619 2392 altitudinis
1627 2340 1760 2409 triginta,
1771 2348 1803 2397 et
1811 2342 1909 2399 latitu-

1081 2408 1909 2486 dinisquinquagintacubitisinunumcubitumundique

1082 2478 1909 2558 contractumlatumetstabilespatiumlaoiebat,utquod

1082 2551 1910 2630 intusmanentes,sinepericnloconservaret,etiampsr

1082 2623 1224 2698 prolundi
1237 2622 1403 2748 fericulum
1416 2624 1592 2692 vagantibus
1613 2624 1622 2658 ¹
1637 2624 1791 2695 retugium
1811 2627 1910 2685 toret?

1140 2695 1252 2752 card*
1266 2695 1313 2750 Vl.
1328 2724 1363 2734 —
1377 2693 1416 2749 De
1428 2695 1567 2765 eruptione
1581 2711 1717 2765 aquaram
1738 2697 1850 2754 ditavit.

1118 2767 1158 2821 De
1171 2766 1327 2836 eruptione
1337 2781 1485 2838 aquarum
1496 2764 1598 2820 diluvii
1613 2768 1653 2822 ila
1663 2768 1793 2825 retertur
1803 2785 1812 2825 r
1823 2770 1910 2842 Rapti

1080 2836 1909 2913 sanromuessoaresacgatmapsaetccrarcctccartapeta

1081 2916 1185 2978 suntet
1194 2909 1270 2980 sacto
1281 2916 1321 2964 cst
1333 2908 1426 2975 plavia
1437 2907 1621 2979 quadraginta
1633 2909 1728 2965 dicim
1751 2920 1778 2969 et
1790 2913 1912 2984 quadro·

1081 2981 1160 3052 piato
1173 2979 1293 3036 noctibas
1306 2979 1383 3051 (Gen.
1400 2995 1449 3045 vu,
1465 2985 1506 3044 ll,
1523 2981 1575 3051 tl).
1590 2984 1695 3038 Postea
1702 2983 1908 3041 subinfertur:

1083 3053 1177 3109 Clausi
1190 3058 1253 3107 saut
1271 3054 1357 3123 tontes
1369 3051 1467 3121 abussi,
1482 3055 1507 3106 et
1517 3051 1662 3120 prohibita
1678 3062 1744 3109 suat
1761 3055 1865 3126 pluviae
1877 3059 1911 3111 de

1080 3124 1144 3180 eoetc
1157 3124 1210 3193 (ld.
1221 3141 1278 3188 vm,
1290 3126 1328 3194 a).
1341 3122 1436 3193 Hujus
1449 3123 1491 3178 rei
1500 3120 1706 3181 dillicultatem
1715 3127 1780 3183 lixa
1789 3134 1910 3185 senten·

1081 3194 1908 3268 tiaexplanarescieotirenostraeparvitateprohibemur.

1081 3270 1292 3324 Verumtamen
1303 3266 1387 3322 inhis
1404 3265 1619 3335 magistrorum
1633 3269 1706 3339 quid
1717 3270 1848 3328 intentio
1860 3287 1908 3344 po-

1082 3340 1135 3394 tuit
1150 3353 1223 3394 exeo
1245 3338 1327 3403 itare,
1348 3335 1528 3393 indifferenti
1551 3352 1688 3395 sermone
1704 3340 1907 3411 proferamus,

1080 3408 1153 3466 nulli
1169 3424 1205 3489 ex
1219 3354 1345 3465 giversis
1360 3408 1550 3489 opinionibus
1571 3409 1728 3467 certiorem
1744 3412 1908 3471 tribuentes

1079 3486 1285 3539 auctoritatem
1301 3479 1357 3543 ;de
1370 3480 1480 3552 quibus
1489 3481 1722 3548 narrationibus,
1734 3483 1775 3539 de
1784 3486 1909 3556 singulis

1078 3550 1273 3609 electionibus
1294 3549 1451 3607 arbitrium
1473 3550 1619 3623 probandi
1646 3568 1699 3608 seu
1724 3557 1909 3627 reprobandi

1077 3623 1271 3680 concedimus
1297 3622 1476 3678 libertatem.
1505 3622 1596 3678 Fluvii
1615 3623 1696 3679 enim
1721 3624 1760 3681 de
1775 3626 1906 3684 lontibus

1078 3701 1178 3751 utrum
1191 3701 1260 3750 ante
1270 3693 1416 3749 diluvium
1431 3693 1560 3760 luerunt,
1571 3694 1725 3768 inquisitio
1737 3698 1903 3769 proiertm:

1077 3767 1115 3824 de
1133 3766 1246 3839 quibus
1263 3764 1346 3821 nulla
1365 3763 1396 3820 in
1413 3765 1560 3838 principio
1574 3771 1718 3822 creaturae
1735 3776 1822 3828 certa
1835 3770 1906 3827 deli·

1077 3837 1161 3904 nitio,
1179 3844 1278 3893 utrum
1292 3836 1358 3892 lacti
1370 3851 1408 3893 an
1420 3851 1481 3893 uon
1495 3837 1565 3893 tacti
1576 3836 1635 3893 sint
1648 3840 1821 3898 ostenditur
1834 3842 1903 3905 ;nisi

1076 3909 1159 3982 quod
1175 3909 1242 3964 lons
1267 3923 1344 3963 unus
1358 3909 1525 3963 ascendens
1538 3911 1576 3964 de
1591 3913 1679 3979 terra,
1698 3916 1728 3967 et
1742 3912 1860 3970 divisus
1876 3914 1904 3970 in

1100 3987 1206 4036 uatuor
1219 3980 1327 4050 capita,
1351 3980 1486 4051 regiones
1506 3979 1650 4050 irrigabat
1664 3981 1721 4051 (ld.
1739 3998 1771 4050 u,
1787 3984 1828 4056 o).
1847 3984 1904 4042 llisi

1076 3997 1151 4109 ?orte
1165 4052 1201 4107 de
1211 4050 1349 4107 illolonte
1362 4056 1485 4107 caeteros
1496 4067 1550 4122 per
1564 4057 1658 4109 totum
1672 4059 1760 4111 terrm
1773 4057 1905 4128 spatium

1077 4123 1189 4196 ubique
1204 4121 1327 4178 ebullire
1342 4123 1432 4178 etiam
1451 4125 1524 4178 lunc
1538 4122 1646 4195 aliquis
1671 4124 1765 4191 dieat,
1785 4133 1906 4201 propter

1076 4210 1206 4267 qnorum
1221 4194 1357 4250 omnium
1373 4193 1546 4261 singillatim
1565 4195 1803 4266 assignationem
1820 4199 1906 4270 origi·

1075 4268 1153 4322 natis
1166 4265 1243 4321 illius
1255 4265 1359 4334 magni
1374 4264 1462 4320 tontis
1477 4269 1728 4324 commemoratio
1744 4269 1904 4327 sufficeret.

1076 4340 1118 4393 dn
1133 4339 1223 4393 etiam
1234 4343 1302 4393 ante
1312 4335 1457 4392 diluvium
1469 4352 1529 4393 non
1542 4342 1636 4404 erant,
1648 4338 1806 4397 doneoilla
1878 4358 1906 4399 ι·

1075 4425 1142 4464 rum
1160 4408 1419 4465 abundantissima
1441 4408 1598 4480 eruptione
1614 4410 1825 4470 universorum
1854 4428 1905 4470 on·

1075 4480 1149 4536 tium
1164 4495 1258 4546 venre,
1283 4479 1334 4535 ubi
1349 4478 1472 4549 valjam
1497 4486 1565 4536 ante
1589 4496 1650 4537 non
1667 4481 1799 4549 luerunt,
1848 4486 1906 4542 aod

1076 4552 1165 4607 etiam
1177 4567 1257 4622 saepe
1272 4566 1353 4606 nunc
1363 4550 1427 4606 lieri
1442 4552 1602 4618 cernimus,
1621 4500 1849 4637 erumperent}
1859 4558 1906 4613 tlt·

1076 4627 1175 4678 tamen
1188 4639 1248 4678 non
1259 4622 1435 4678 delontibus
1447 4629 1539 4688 terrae,
1547 4623 1788 4682 seddelontrbus
1798 4627 1905 4702 abyssi

1075 4694 1193 4759 dicitur,
1209 4694 1245 4749 Et
1260 4695 1338 4765 rupti
1350 4700 1413 4749 aaut
1424 4695 1511 4764 scates
1522 4693 1621 4766 abyssi.
1639 4696 1697 4752 Sed
1712 4697 1772 4754 boo
1784 4712 1908 4768 genera·

1075 4765 1184 4821 litarde
1195 4765 1327 4821 tontibus
1338 4772 1435 4836 potest
1445 4767 1556 4822 sentiri.
1570 4764 1650 4822 Unde
1666 4767 1750 4825 enim
1763 4774 1845 4828 terra

1075 4838 1176 4892 luisset
1191 4836 1379 4903 habere,nisi
1394 4836 1568 4908 subjacente
1578 4836 1618 4894 ab
1656 4855 1691 4896 so
1705 4855 1762 4911 per
1772 4857 1850 4899 occu
1863 4849 1906 4900 tos

1075 4915 1191 4964 meatus
1207 4908 1333 4964 lontium
1344 4908 1609 4980 venassusoiperet
1617 4854 1792 4969 {isitidcirco
1801 4914 1905 4987 abyssi

1074 4978 1181 5044 fontes,
1202 4980 1290 5035 eliam
1307 4986 1388 5037 terra
1414 4979 1511 5036 tontes
1524 4987 1652 5051 possunt
1666 4985 1833 5042 nominari.
1849 4984 1905 5043 Sed

1074 5052 1125 5122 qni
1137 5052 1194 5107 hoc
1207 5052 1248 5107 ita
1259 5052 1401 5117 sentiunt,
1417 5052 1490 5123 quid
1503 5051 1603 5108 dicent
1616 5051 1647 5107 in
1662 5069 1699 5109 eo
1711 5055 1798 5127 quod
1813 5057 1905 5129 paulo

1075 5128 1151 5194 post,
1163 5128 1375 5180 consummata
1389 5122 1590 5195 quadraginta
1599 5122 1716 5180 dieram
1734 5128 1906 5185 inundatio-

1073 5208 1121 5259 ne,
1138 5194 1341 5251 subinfertur:
1356 5194 1392 5249 Et
1407 5193 1567 5250 clausissent
1578 5195 1669 5264 sontes
1684 5196 1777 5268 abyssi
1787 5216 1905 5271 mogsae,

1073 5273 1098 5321 et
1114 5266 1260 5336 prolubitar
1274 5272 1337 5321 suat
1350 5265 1450 5337 pluviae
1464 5265 1496 5321 de
1505 5267 1569 5322 coeto
1584 5267 1598 5323 i
1612 5267 1641 5323 Si
1665 5266 1767 5326 fontes
1782 5270 1836 5338 illl,
1852 5274 1904 5345 qui

1073 5352 1215 5407 nuncper
1229 5343 1323 5393 terras
1335 5336 1442 5404 fluunt,
1457 5337 1487 5393 in
1498 5337 1612 5394 diluvio
1628 5340 1724 5409 aperti
1734 5348 1816 5409 sunt,
1831 5358 1904 5416 qao-

1074 5408 1165 5465 modo
1184 5408 1291 5465 iterum
1308 5409 1404 5466 clausi
1419 5410 1650 5479 pronuntiantur
1663 5410 1748 5467 taisi
1762 5426 1826 5470 non
1841 5430 1905 5472 om·

1072 5494 1127 5536 nes
1136 5480 1232 5537 tontes
1245 5481 1363 5537 clausos
1372 5496 1438 5536 esse
1452 5481 1640 5547 denuntient,
1651 5486 1762 5553 praeter
1775 5499 1831 5543 eos
1841 5492 1904 5544 tan·

1102 5576 1110 5609 ¹
1128 5576 1175 5625 lls.
1189 5575 1267 5634 llud„
1279 5575 1471 5640 navigantibus.

1071 5636 1249 5767 qsglnllsstaat
1260 5639 1332 5704 apud
1342 5640 1486 5690 alcuinum
1498 5638 1578 5691 inllb.
1590 5638 1812 5701 Quaesaensmtn
1822 5642 1900 5707 Gon„
