3952 6150
112 110 271 195 'eras

201 261 320 337 equitur
336 262 442 319 bonos.
460 262 547 329 Quod
561 267 669 321 autem
683 263 801 333 lapidem
809 262 938 333 proadem
951 260 1023 317 uelut

200 334 299 391 molam
313 335 387 390 misit
399 335 510 406 anpelur
531 335 561 389 in
587 352 673 401 mare,
688 335 789 399 diceus,
801 336 849 391 Sic
872 334 997 389 mittetur
1013 337 1022 369 ¹

202 406 379 478 Babylonia:
396 407 464 462 ideo
485 406 566 462 velut
593 405 703 461 molam
728 406 798 461 dicit
828 406 1023 478 Babylonem,

203 478 275 551 quia
285 484 434 533 amatores
464 477 568 533 mundi
595 477 740 533 revolutio
757 481 928 548 temporum
949 478 1024 532 sicut

203 547 283 605 mola
298 550 459 604 conteritet
471 550 501 603 in
517 563 591 619 pyro
607 548 703 604 mittit.
720 548 804 613 Ouod
817 558 915 604 aurem
940 548 1024 612 dixit,

205 621 241 675 lu
253 620 386 689 veneficiis
405 619 460 673 tuis
473 626 634 674 erraverunt
651 635 740 674 amnes
753 626 849 689 ¹aeriter,
877 627 901 675 et
915 618 1026 689 saupuis

204 690 406 760 Prophetarum
422 692 544 745 inuentus
556 697 594 747 eet
604 691 723 746 omnium
737 692 934 747 ateaecieorum
946 706 1027 762 cuper

205 767 308 817 terram
319 777 398 817 :non
409 762 489 816 enim
504 762 534 817 in
547 778 608 817 uua
623 764 740 817 civitate
748 764 836 818 occisi
858 769 926 817 erint
935 768 1027 833 apos·

204 834 254 889 toli
271 838 299 887 et
313 833 466 902 Prophetae
480 839 532 889 aut
543 833 648 905 reliqui
663 836 804 906 Martyres
818 851 825 901 ;
842 834 894 890 sed
906 835 968 890 brec
984 837 1028 888 est

204 904 309 959 civitas
322 903 609 977 superborumque
625 905 654 960 in
669 908 731 960 toto
745 905 859 960 mundo
915 904 1027 976 rsequi-

204 980 251 1031 tur
262 980 392 1032 sanctos.
406 975 473 1046 lpsa
485 980 529 1031 est
542 976 646 1032 civitas
669 992 761 1047 quarn
777 977 845 1032 Cain
882 977 968 1031 ratris
981 976 1027 1031 sui

204 1044 352 1114 sanguina
388 1045 535 1111 laudavit,
570 1053 600 1103 ιι
625 1047 744 1103 vocavit
763 1048 883 1104 nomine
908 1047 960 1102 filii
984 1047 1029 1102 sui

205 1116 318 1186 Enoch,
333 1117 364 1172 id
379 1126 432 1182 est,
448 1118 651 1189 posteritatem
667 1134 673 1173 ι
688 1119 760 1191 quia
792 1133 897 1176 omnes
910 1118 979 1174 mali
1000 1119 1027 1172 in

204 1186 317 1313 1alaribus
334 1187 394 1244 Bab
417 1187 498 1245 lania
517 1197 570 1255 est,
591 1189 784 1245 succedentes
809 1189 864 1245 sibi
883 1188 1030 1261 usquead

229 1273 298 1314 nem
314 1274 386 1315 mun
410 1258 647 1332 ipersequuntur
661 1261 823 1317 Ecclesiam
837 1261 895 1317 liei.
907 1265 945 1317 tte
958 1276 1031 1333 quo·

205 1344 272 1385 rum
289 1334 494 1400 persecutione
510 1348 565 1388 nos
586 1334 729 1388 Dominus
743 1348 795 1404 per
816 1348 902 1388 suam
919 1332 1033 1387 miseri·

206 1400 342 1457 cordiam
355 1402 480 1459 liberare
494 1403 644 1472 dignetur,
659 1404 710 1476 qui
728 1420 798 1459 cum
823 1406 905 1460 Patre
926 1409 955 1459 et
968 1402 1031 1474 Spi-

206 1472 264 1528 ritu
279 1481 393 1538 saucto,
409 1480 464 1529 etc.

491 1560 606 1601 ιιοιιιιι
620 1561 687 1600 xvur
699 1547 747 1611 (a).

243 1613 299 1685 [lb.
311 1614 469 1688 ιιι-ιιι]
482 1620 511 1671 ln
525 1616 648 1672 lectione
661 1633 729 1688 quae
738 1615 1032 1679 recitatacsttratres

209 1685 388 1751 charissimi,
405 1687 512 1742 beatus
523 1687 705 1752 evangelista
716 1688 847 1742 loannes
859 1688 900 1741 sic
909 1689 962 1741 ait:
976 1687 1033 1742 du·

208 1756 270 1811 diei
284 1772 368 1810 uocem
383 1774 506 1828 mapuam
561 1758 621 1831 puli
640 1758 731 1822 multi,
745 1762 774 1812 iu
788 1758 854 1814 eaela
864 1758 1034 1814 dicentium:

209 1826 343 1892 Alleluia,
360 1828 449 1893 Salus,
469 1837 493 1884 ιι
506 1846 519 1883 ι
531 1833 631 1893 aritae,
650 1837 677 1885 et
692 1830 841 1885 air-tuellea
855 1836 962 1886 nostra:
973 1846 1035 1900 qua·

209 1898 359 1953 uiamaera
377 1904 403 1954 ιι
423 1902 501 1970 iusta
521 1901 631 1971 judicia
658 1902 725 1971 ejus,
750 1903 877 1972 quoniam
897 1900 1036 1971 judicavit

209 1970 376 2025 meretricem
389 1970 466 2026 illam
479 1988 614 2043 maenam,
625 1990 683 2044 quie
697 1974 820 2043 corrupit
832 1979 935 2027 terram
947 1972 1036 2043 torui·

210 2042 317 2097 catione
328 2058 387 2106 sua,
407 2049 432 2096 et
446 2043 594 2099 vindicavit
608 2044 765 2114 sartpuiuem
776 2060 917 2099 seruorum
927 2058 1038 2098 suarum

211 2112 243 2167 de
257 2128 339 2167 manu
354 2114 420 2184 eius.
437 2115 475 2169 Ει
486 2114 584 2170 iterum
600 2115 742 2181 dicerunt,
757 2114 892 2171 Alleluia.
910 2118 1038 2170 Haecvorr

211 2188 257 2240 est
271 2183 419 2251 Ecclesiae,
435 2201 504 2241 cum
517 2186 661 2242 discessio
674 2186 753 2243 lacta
768 2186 864 2250 luerit,
880 2192 984 2242 etcum
999 2186 1037 2241 ab

212 2270 247 2311 ea
262 2254 386 2311 exierint
400 2271 506 2311 omnes
531 2257 600 2313 rali
619 2263 729 2313 aeterno
754 2258 890 2313 incendio
917 2273 1039 2313 concre-

214 2325 329 2382 mandi.
345 2327 381 2382 Et
393 2329 484 2398 sumtu
497 2344 587 2384 aarum
600 2328 1037 2385 ascenditr'neaeculasaecularum.

213 2396 330 2462 Audite,
345 2397 456 2464 iratres,
470 2403 498 2453 ει
509 2399 707 2473 expavescite,
723 2407 751 2456 et
764 2405 904 2471 procerte
914 2414 1041 2468 coguos-

214 2468 269 2523 cite
285 2469 355 2541 quin
380 2469 544 2541 Babylonia
571 2477 600 2527 et
624 2472 773 2537 meretrix,
789 2487 918 2544 quorum
941 2471 1041 2526 fumus

214 2539 393 2596 ascenditin
413 2542 521 2598 saecula
541 2543 731 2608 saeculorum,
760 2558 820 2598 non
837 2542 1042 2614 intelliguntur

215 2610 273 2665 nisi
289 2610 427 2668 homines
441 2613 553 2685 cupidi,
565 2614 691 2670 adulteri
706 2622 734 2669 et
749 2614 881 2685 superbi.
896 2615 1002 2669 Etideo
1018 2613 1041 2666 si

215 2681 304 2738 vultis
317 2682 382 2738 lraec
394 2683 475 2739 mala
489 2686 625 2749 evadere,
638 2685 728 2740 nolite
737 2691 797 2739 tam
808 2684 908 2752 gravia
920 2690 1043 2756 peccata

217 2754 411 2809 committere.
427 2756 463 2809 Et
474 2756 574 2823 seimus,
588 2758 693 2836 inquit,
706 2771 797 2809 earum
810 2756 943 2810 aseendit:
958 2770 1043 2810 num-

217 2824 290 2896 quid
313 2824 393 2879 enim
418 2826 541 2880 visibilis
577 2826 705 2881 civitatis
739 2832 850 2882 exusta
877 2826 979 2881 luanus
1013 2826 1043 2882 in

218 2894 329 2949 sascrrla
337 2895 515 2950 saeculorum
526 2897 706 2956 ascendit.et
718 2912 777 2952 nou
786 2897 943 2954 hominurn
954 2898 985 2953 in
995 2914 1043 2952 su·

219 2964 323 3035 perbia
334 2965 561 3036 perdurantium
577 2967 728 3023 laleceadit
739 2974 840 3024 autem
857 2985 864 3035 ;
876 2975 903 3024 et
915 2985 985 3033 non,
999 2984 1044 3024 as-

219 3034 347 3091 cendet:
370 3053 488 3108 semper
498 3038 578 3093 enim
592 3040 681 3095 etiarn
697 3040 878 3111 inpraesenti
895 3039 1043 3095 soeculoin

219 3106 515 3178 perditionemvadit.
530 3111 591 3165 Bab
615 3111 1043 3181 lonautemcrematurexpar·

219 3182 257 3243 ιι,
275 3178 352 3235 sicut
365 3127 626 3237 Jerusalemtnitlis
642 3182 751 3238 sanctis
763 3184 815 3254 qrri
825 3183 978 3238 desaeculo
990 3183 1044 3237 mi·

219 3254 316 3331 grant,
331 3252 436 3308 transit
448 3252 478 3307 in
494 3252 677 3323 paradisum,
690 3254 818 3309 Domino
834 3253 1043 3310 manifestante

217 3335 249 3375 ιιι
263 3336 396 3393 paupere
416 3328 443 3377 et
456 3323 546 3378 divite
561 3324 636 3394 (Luc.
654 3341 712 3390 xva,
729 3327 829 3395 tuae).
848 3327 887 3380 Et
905 3326 1001 3380 audiat
1012 3332 1042 3381 ut

218 3407 303 3448 vocem
315 3393 407 3465 papuli
421 3394 513 3458 multi,
542 3403 567 3450 et
582 3403 612 3451 ut
627 3413 712 3451 vacem
727 3412 862 3467 aquarum
881 3397 1040 3463 multarum,

218 3469 244 3518 ιι
258 3471 289 3518 ιιι
303 3481 387 3520 aecem
401 3466 585 3522 tonitruorum
605 3467 732 3537 tortium,
744 3468 880 3522 dicenter:
896 3468 1019 3523 Alleluia
1031 3485 1043 3535 ,·

218 3536 347 3605 quoniam
361 3538 486 3607 repnaait
514 3536 644 3594 llamirmr
669 3541 739 3595 Deus
755 3547 844 3593 noster
854 3540 1019 3609 amnipotens
1031 3556 1041 3594 :

217 3606 390 3677 pendeamus,
402 3616 426 3663 et
440 3607 610 3675 exsultemus,
622 3616 647 3664 et
658 3609 835 3681 clarificemus
853 3627 947 3665 nomeu
960 3613 1017 3679 ejm
1031 3627 1040 3677 ,·

217 3679 345 3749 quoniam
358 3687 489 3735 venerunt
499 3685 601 3752 nuptiae
612 3682 695 3753 dani,
710 3688 733 3736 ιι
747 3682 847 3737 mulier
861 3683 917 3752 eius
930 3683 1042 3753 parauit

217 3764 245 3803 se
259 3766 268 3802 :
282 3750 388 3805 mulier
403 3754 476 3820 agni
491 3751 622 3808 Ecclesia
636 3764 690 3807 est.
706 3754 743 3809 Et
754 3754 847 3808 datum
857 3761 895 3808 ιιι
905 3756 930 3808 ei
943 3761 972 3808 ut
984 3770 1042 3824 ape-

217 3820 311 3876 riatur
324 3821 428 3892 lyssiua
442 3823 581 3892 splendido
603 3824 710 3893 munda,
728 3825 868 3895 Bpsriaum
884 3828 955 3880 euim
965 3826 1042 3893 justa

217 3898 290 3959 tacta
303 3899 457 3948 sanctarum
490 3903 574 3950 aunt:
593 3895 622 3950 id
641 3902 695 3962 est,
721 3897 826 3952 datum
842 3902 885 3950 est
909 3896 934 3951 ει
957 3897 1041 3951 lactis

218 3961 280 4015 suis
294 3960 387 4023 indui,
400 3964 475 4018 sicut
490 3966 633 4036 scriptum
643 3966 855 4027 est‚Saccrdates
871 3968 912 4022 tui
927 3967 1042 4023 induan-

219 4037 267 4086 tur
274 4032 391 4101 justitia
403 4032 488 4103 (Psal.
501 4051 597 4104 cxxxi,
614 4040 654 4104 9).
673 4039 720 4102 lli,
745 4040 852 4109 inquit,
868 4055 956 4093 amnes
968 4040 1041 4094 aiae-

217 4110 283 4157 runt
295 4109 321 4158 et
334 4113 515 4175 repnaaerunt
527 4123 586 4161 cum
600 4106 709 4162 Christo
728 4109 801 4163 mitte
814 4109 896 4163 curris
911 4128 921 4164 .·
937 4110 965 4164 id
985 4115 1040 4176 cst,

216 4173 248 4229 in
267 4177 407 4246 presenti
420 4177 540 4232 saeculo.
558 4180 591 4233 Et
602 4183 680 4233 recta
693 4178 775 4242 dixit,
787 4179 883 4234 Omnes
896 4188 919 4234 et
934 4198 1043 4251 rupers-

216 4246 279 4301 tites
302 4253 326 4301 et
343 4247 441 4303 aalma
455 4249 638 4319 justoruu’:
669 4249 700 4305 id
715 4255 767 4310 ειι,
786 4256 814 4305 ει
833 4252 883 4322 qul
898 4252 998 4306 adlruc
1011 4254 1041 4308 in

215 4316 273 4373 hoc
290 4318 404 4374 mundo
415 4320 528 4385 vivunt,
544 4326 573 4377 et
587 4321 639 4393 qui
650 4321 715 4392 jain
736 4322 774 4377 de
789 4322 918 4377 lracrita
934 4324 1042 4390 migra·

216 4395 333 4456 verunt,
343 4397 469 4459 regnant
483 4406 552 4447 cum
567 4392 690 4448 Christo.
709 4394 1042 4464 Repaaaeruutprolecto

216 4458 299 4524 dixit,
317 4460 403 4529 sicut,
432 4462 589 4518 Diviserunt
609 4466 764 4519 uestimenta
791 4482 848 4519 rnre
875 4465 931 4519 ribi
956 4466 1040 4531 (Psal.

215 4546 276 4595 xxi,
295 4536 347 4602 te).
370 4533 445 4589 Nam
459 4533 591 4590 dicturus
606 4541 678 4599 erat,
697 4537 880 4603 Regnabunt.
896 4538 930 4592 Ut
944 4543 1042 4593 osteu-

215 4599 297 4657 deret
313 4606 412 4659 atatem
433 4605 516 4676 quod
531 4606 559 4661 in
576 4606 632 4661 hac
648 4608 705 4662 vita
721 4607 768 4663 isti
783 4607 863 4663 mille
878 4608 948 4663 anni
961 4614 1040 4673 suut,

216 4672 267 4736 ait,
276 4672 341 4754 Idaea
351 4681 389 4728 est
403 4680 566 4732 resurrectio
578 4678 680 4748 prima.
696 4681 762 4747 lpse
776 4684 819 4733 est
829 4679 910 4735 euim
923 4696 985 4752 qua
999 4695 1042 4734 re-

216 4758 367 4812 surgimus
400 4762 453 4818 per
474 4748 669 4819 Baptismum,
685 4749 760 4804 sicut
777 4750 934 4820 apostolus
959 4752 1040 4817 dicit,

215 4812 246 4869 Si
259 4818 468 4873 consurrexistis
475 4835 533 4875 curn
545 4818 727 4891 Cirtamque
737 4830 916 4876 sursumsunt
927 4823 1042 4892 quaerite

214 4884 327 4953 (Colace.
344 4890 438 4959 ur,2):
455 4892 614 4957 etiterum,
635 4893 772 4963 Tanquam
787 4910 820 4947 ee
830 4895 1041 4948 martuiaaiaeu-

216 4962 255 5011 ιιι
267 4959 357 5019 (Ram.
375 4975 413 5023 vr,
432 4962 488 5030 ta).
513 4963 670 5018 Peccatum
696 4964 775 5019 enirn
803 4970 950 5029 moreest,
968 4966 1042 5021 siaul

215 5028 291 5084 dixit
303 5030 472 5099 Apostolus,
488 5032 555 5088 Cum
563 5036 652 5088 essetis
664 5035 768 5089 mortui
774 5034 880 5090 delictis
892 5043 916 5090 et
926 5036 1042 5105 peccatis

215 5100 310 5155 vestris
327 5101 436 5172 (Epire.
450 5106 481 5168 ιι,
501 5106 534 5175 t).
557 5107 590 5159 Et
603 5106 869 5174 sicutprirnarnors
883 5107 911 5160 in
928 5108 983 5162 lrac
999 5112 1043 5162 est

215 5170 277 5227 vita
289 5179 510 5253 perpeccatum,
527 5175 609 5231 itaet
624 5177 722 5247 prima
736 5177 911 5233 resurrectio
939 5179 970 5233 in
985 5178 1042 5234 hac

215 5246 260 5297 est
274 5249 333 5300 vita
349 5245 612 5314 perremissionem
624 5248 957 5317 peccatorumltratuset
967 5265 1042 5304 sanc·

216 5316 309 5384 tusani
322 5314 398 5371 babet
408 5324 513 5387 partem
528 5320 757 5374 iuresurrectiane
766 5321 877 5391 prima:
892 5320 1041 5391 idest,qui

215 5388 372 5441 servaverit
387 5388 467 5459 quod
484 5389 512 5443 iu
539 5390 688 5459 Baptismo
712 5398 833 5447 renatus
858 5393 981 5463 accepit.
1010 5392 1042 5447 lu

216 5452 262 5509 ttae
273 5458 388 5513 secunda
401 5476 472 5514 mars
479 5466 632 5531 potestatem
646 5478 699 5516 uon
712 5462 788 5518 balet
802 5480 810 5517 :
825 5462 854 5518 id
865 5470 918 5529 est,
931 5469 1042 5520 aeterna

247 5551 255 5583 ¹
272 5550 343 5609 blas„
359 5562 495 5620 mereatur.

247 5613 257 5644 ¹
271 5612 318 5661 ιιι.
337 5616 478 5676 Patrensis,
490 5623 648 5674 sanctarum.

248 5672 284 5734 (a)
299 5674 369 5728 Alius
386 5682 424 5730 l'l.

687 136 724 195 IN
740 138 773 194 B.
793 137 941 194 JOANNIS
959 134 1212 194 APOCALYPSIM
1233 134 1437 194 EXPOSITIO.

1854 136 1915 194 utet

1084 267 1232 318 tormenta
1247 277 1307 317 non
1339 260 1452 317 sentiet.
1474 259 1527 315 Sed
1549 265 1636 317 errant
1659 258 1817 317 sacerdotes
1833 261 1914 319 Deiet

1083 333 1203 397 Giristi,
1216 340 1243 388 et
1257 332 1404 403 repnebuat
1417 348 1514 387 crimea
1530 332 1717 388 millenariae.
1734 332 1846 388 Retulit
1862 337 1915 406 spi·

1084 404 1242 459 rituscum
1266 405 1330 459 lraec
1352 402 1506 471 scriberet,
1531 409 1730 473 regnaturam
1758 404 1915 462 Ecclesiam

1084 475 1164 531 mille
1179 491 1274 531 annos
1292 473 1321 530 in
1336 475 1392 529 boc
1403 473 1515 530 sectile
1528 490 1623 557 usque
1639 474 1791 531 adfinem
1805 477 1915 533 muudi.

1084 548 1268 605 llanilestum
1280 551 1327 601 est
1347 546 1431 618 quod
1454 545 1583 602 dubitari
1599 561 1660 602 nou
1677 546 1796 602 debeat
1806 548 1845 601 de
1861 564 1917 620 per·

1084 625 1175 692 petuo
1186 634 1288 687 regno,
1303 632 1373 673 cum
1386 617 1475 672 etiam
1488 616 1519 673 in
1533 618 1675 689 praesenti
1694 617 1814 673 saeculo
1831 624 1917 675 sanati

1084 695 1219 759 regnent.
1237 689 1399 744 Beueeuim
1417 702 1541 757 regnare
1553 687 1704 753 dicuntur,
1715 690 1772 761 qui
1790 704 1861 746 curn
1876 693 1918 747 liei

1084 761 1234 832 adjutorio
1245 761 1334 816 etiam
1350 760 1425 814 inter
1450 761 1532 831 ipsas
1548 775 1707 831 pressuras
1723 760 1837 816 mundi
1853 767 1880 817 ει
1893 778 1918 818 se

1085 839 1114 888 et
1129 832 1203 888 alios
1213 831 1289 887 bene
1302 838 1417 900 regunt.
1429 831 1466 885 m
1480 832 1620 903 enutriti
1632 832 1744 903 suerint
1755 832 1917 897 mr'tleaam',

1085 904 1208 960 saluatur
1217 907 1328 957 satanas
1339 901 1371 957 de
1383 902 1503 957 custodia
1515 919 1575 958 rua.
1587 903 1700 958 Finitos
1721 903 1812 971 dixit,
1831 920 1850 960 a
1864 912 1917 962 toto

1087 981 1213 1047 partem.
1226 977 1299 1029 Nam
1313 974 1355 1029 sic
1369 974 1508 1039 solvetur,
1526 981 1556 1029 ut
1576 974 1730 1047 supersint
1741 976 1822 1031 anni
1838 982 1919 1033 tresel

1087 1060 1207 1102 meuses
1220 1061 1271 1100 sax
1287 1044 1437 1100 novissimi
1449 1046 1619 1101 certaminis
1633 1047 1833 1117 temporibus
1846 1048 1920 1103 Anti·

1087 1117 1198 1173 christi.
1214 1117 1250 1171 Et
1264 1116 1333 1171 exiet
1345 1116 1472 1171 seducere
1492 1118 1615 1172 nationes
1637 1134 1699 1189 quae
1718 1124 1788 1173 sunt
1809 1123 1840 1171 tu
1862 1135 1920 1191 aaa·

1088 1194 1151 1245 tuor
1164 1188 1272 1258 aepulis
1287 1195 1381 1242 tarrae.
1401 1190 1424 1240 Α
1444 1193 1528 1258 parte
1552 1193 1647 1245 toturn
1664 1188 1755 1244 dicit:
1775 1204 1850 1245 nam
1867 1206 1920 1246 nan

1088 1275 1195 1315 omues
1209 1258 1312 1314 seduci
1337 1263 1474 1329 possunt.
1499 1259 1621 1330 Superbi
1645 1261 1922 1317 tantummodose·

1089 1331 1238 1388 ducuntur
1252 1336 1280 1385 et
1290 1330 1373 1400 impii
1389 1344 1395 1383 r
1434 1328 1483 1384 uia
1496 1331 1556 1384 veri
1582 1337 1611 1387 et
1622 1330 1758 1386 humiles
1773 1331 1921 1388 christiani

1089 1419 1150 1458 uon
1166 1401 1359 1456 seducuntur.
1377 1344 1461 1455 llriiti
1483 1416 1598 1473 namque
1616 1402 1717 1465 uocati,
1730 1404 1822 1473 pauci
1848 1405 1922 1458 electi

1090 1472 1200 1545 (daret.
1216 1489 1265 1538 xx,
1285 1471 1338 1541 ιι).
1359 1472 1589 1527 Etasreuderuut
1617 1473 1746 1529 diabotus
1774 1481 1802 1529 et
1815 1476 1923 1546 populus

1089 1546 1146 1616 ejus
1170 1545 1201 1599 iu
1228 1542 1401 1598 altitudinem
1436 1550 1538 1599 terrae:
1561 1543 1590 1599 id
1617 1549 1672 1609 est,
1702 1546 1733 1599 in
1766 1546 1923 1602 elationem

1091 1615 1252 1687 superbiae.
1285 1615 1323 1669 Ει
1356 1614 1593 1670 circumdederunt
1632 1623 1726 1671 castra
1773 1626 1924 1673 sanctarum

1090 1690 1116 1742 et
1143 1686 1300 1741 dilectarum
1319 1685 1455 1741 civitatem
1479 1705 1489 1742 .·
1513 1685 1621 1754 idest,
1645 1686 1833 1745 Ecclesiam.
1869 1692 1923 1745 lloc

1091 1758 1242 1829 estquod
1268 1772 1360 1828 supra
1393 1756 1479 1825 dixit,
1508 1756 1646 1814 collectos
1672 1758 1704 1812 in
1730 1760 1925 1833 Arrnngedon

1092 1832 1189 1898 (apoc.
1208 1844 1265 1896 xm,
1297 1828 1353 1898 to).
1387 1830 1449 1883 Non
1474 1829 1554 1883 enim
1578 1843 1614 1884 ex
1642 1835 1784 1900 quatuor
1813 1832 1925 1901 ungatis

1092 1906 1178 1956 terrra
1192 1905 1352 1970 potuerunt
1371 1899 1401 1953 in
1428 1914 1521 1954 uuam
1546 1900 1699 1956 civitatem
1721 1904 1923 1971 congregem

1093 1970 1146 2028 sed
1160 1972 1189 2026 in
1202 1971 1273 2041 ipsis
1286 1976 1416 2041 quatuor
1430 1969 1548 2039 angulis
1558 1986 1755 2044 unaquaeque
1769 1968 1926 2043 gens'con·

1092 2041 1501 2115 gregabiturinobsidionem
1511 2048 1619 2097 sancta
1631 2043 1777 2109 civitatis,
1791 2046 1824 2099 id
1836 2052 1888 2109 est,
1900 2047 1926 2101 iu

1095 2113 1332 2186 persecutionem
1348 2111 1496 2168 Ecclesiae.
1519 2114 1556 2168 Et
1571 2112 1709 2170 ιιιιιιιιιὶι
1733 2116 1813 2186 ipsuis
1827 2116 1858 2172 de
1869 2118 1926 2171 cata

1093 2185 1175 2240 alteo
1192 2202 1200 2239 :
1217 2182 1246 2239 id
1262 2190 1316 2249 est,
1332 2182 1370 2238 de
1384 2183 1520 2239 Ecclesia.
1547 2184 1586 2238 Et
1599 2184 1718 2241 comedit
1750 2202 1797 2242 eae
1810 2208 1820 2245 .·
1835 2189 1925 2259 dupli·

1095 2256 1228 2312 eiterhor
1241 2255 1308 2310 loco
1322 2254 1493 2323 intelligitur
1507 2255 1599 2326 ignis:
1613 2261 1665 2314 eut
1678 2257 1926 2341 enimperignem

1096 2328 1190 2383 sancti
1207 2326 1332 2397 Spiritus
1345 2327 1472 2381 credunt
1482 2326 1511 2382 in
1525 2326 1728 2398 Christum,et
1739 2331 1926 2400 spiritualiter

1096 2396 1925 2471 comedunturabEcclesia,idestincorporanturtccle

1098 2471 1149 2525 siae
1164 2473 1236 2538 ;aut
1252 2474 1443 2536 peccatorum
1458 2483 1583 2524 suorum
1598 2470 1668 2541 igne
1680 2473 1925 2533 comeduntur.et

1099 2546 1231 2615 pereunt.
1243 2540 1282 2594 Ει
1293 2539 1416 2595 diabolus
1437 2539 1563 2595 reducens
1576 2541 1656 2611 ipsae,
1671 2542 1776 2597 miurus
1790 2551 1830 2599 ιιι
1839 2545 1866 2597 in
1879 2554 1926 2599 tta·

1097 2629 1179 2684 paam
1190 2612 1262 2681 ipair
1271 2618 1295 2666 ιι
1305 2611 1431 2682 ruituris.
1445 2610 1493 2666 ubi
1507 2617 1532 2665 et
1545 2611 1630 2667 bestia
1640 2620 1667 2668 ιι
1692 2614 1925 2687 trudmaroptetr:

1099 2682 1368 2755 pseudoprophetae
1383 2681 1587 2763 intelliguntur
1601 2690 1653 2739 aut
1668 2630 1808 2741 baeretici
1820 2687 1926 2742 autiicti

1100 2754 1925 2825 ChristianillxquoeurmpassusestDominus,moritur

1099 2826 1236 2882 bestiast
1250 2824 1530 2896 pseudoprophete,
1549 2830 1577 2881 ιι
1593 2826 1748 2895 inignem
1765 2830 1925 2892 mittuntur,

1100 2913 1195 2968 usque
1205 2896 1511 2952 dumllnianturmille
1525 2896 1596 2952 anni
1605 2898 1645 2952 ab
1654 2897 1795 2955 adventu
1804 2900 1924 2956 Domini.

1099 2969 1136 3025 Et
1145 2969 1295 3039 punientur
1310 2966 1353 3023 die
1362 2983 1393 3023 ac
1405 2967 1516 3022 nacteiu
1530 2967 1617 3024 teuta
1631 2971 1862 3027 secuturarum
1876 2972 1926 3026 aidi

1098 3047 1216 3095 mortuas
1231 3055 1337 3110 maenaa
1349 3045 1374 3093 et
1388 3038 1608 3109 pusillorrtantee
1622 3041 1807 3113 incomperta
1817 3044 1907 3099 tironi
1915 3056 1923 3093 .·

1098 3119 1122 3167 et
1137 3110 1204 3166 litari
1217 3110 1307 3181 aperti
1320 3117 1393 3175 curat,
1414 3117 1437 3164 et
1462 3109 1535 3166 alius
1548 3109 1617 3165 liber
1630 3121 1751 3183 apertus
1764 3120 1816 3179 ιιι,
1840 3118 1885 3186 qui
1893 3121 1924 3168 ιιι

1098 3184 1162 3238 vitre
1178 3182 1395 3253 uniucujusque.
1413 3181 1514 3238 Libros
1524 3188 1646 3254 apertos
1671 3186 1870 3242 Testamenta
1883 3184 1923 3239 liei

1099 3255 1190 3309 dicit:
1214 3252 1381 3309 secuudum
1411 3253 1490 3307 enirn
1515 3258 1678 3326 utrumque
1700 3258 1922 3313 Testamentum

1095 3324 1283 3397 judicabitur
1299 3323 1437 3380 Ecclesia.
1451 3322 1573 3380 Librum
1598 3326 1843 3400 uniuscnjusque
1856 3330 1922 3389 rita,

1099 3398 1274 3453 memoriam
1300 3396 1369 3451 dicit
1384 3401 1536 3463 gestorum
1554 3400 1729 3453 nostrorum
1749 3417 1756 3467 ;
1776 3415 1838 3455 non
1851 3399 1920 3472 quod

1097 3469 1207 3525 librum
1223 3467 1333 3521 habeat
1346 3468 1665 3524 commemoratorium
1679 3469 1870 3526 occultorum
1882 3484 1922 3524 ro

1098 3541 1204 3608 guitur.
1220 3539 1262 3593 Ει
1271 3537 1393 3607 judicati
1401 3545 1464 3592 ruat
1482 3537 1581 3592 mortui
1590 3554 1624 3593 err
1638 3539 1685 3593 tris
1700 3540 1740 3595 cd
1758 3557 1819 3612 aaa
1831 3542 1921 3612 scripta

1096 3616 1158 3665 runt
1168 3610 1196 3663 iu
1212 3608 1291 3664 libris
1308 3609 1451 3664 meandum
1466 3625 1548 3679 opera
1564 3625 1637 3664 rua:
1662 3609 1695 3665 id
1711 3620 1772 3677 est,
1786 3628 1824 3669 ex
1836 3616 1922 3669 Testa·

1098 3682 1206 3737 inentis
1217 3680 1341 3751 judicati
1352 3680 1603 3744 sunt,secundum
1639 3680 1701 3738 uod
1713 3683 1768 3739 Dei
1785 3688 1921 3755 praecipat

1097 3754 1305 3817 saltauerunt,
1320 3758 1444 3807 autnon
1462 3750 1603 3807 lecerunt.
1653 3760 1663 3806 t
1682 3754 1762 3809 dedit
1776 3772 1850 3811 mare
1864 3770 1921 3809 mar·

1098 3830 1155 3880 taos
1168 3838 1248 3878 euos:
1261 3838 1314 3877 cor
1327 3838 1405 3893 quos
1421 3823 1468 3878 hic
1476 3822 1581 3892 judieii
1601 3823 1668 3878 dies
1682 3824 1821 3883 inveniet
1837 3827 1920 3889 airas,

1097 3896 1154 3967 ipsi
1167 3899 1239 3949 sunt
1253 3894 1360 3949 mortui
1375 3895 1484 3959 maris;
1503 3895 1574 3965 quia
1589 3894 1648 3950 lroc
1672 3896 1824 3954 saeculum
1851 3912 1922 3952 mare

1097 3973 1150 4022 est.
1164 3967 1278 4021 Marcet
1294 3966 1423 4032 infernae
1441 3963 1572 4019 dederuut
1586 3971 1706 4021 mortum
1720 3984 1808 4023 suaa:
1831 3968 1861 4025 id
1875 3972 1920 4027 ιιι.

1097 4038 1212 4108 eosqui
1232 4037 1262 4092 in
1276 4035 1421 4107 sepulcris
1450 4035 1622 4092 inveniendi
1648 4042 1722 4093 sunt
1746 4040 1918 4111 indiejudii.

1097 4109 1219 4164 Marcet
1247 4107 1373 4177 infernus
1395 4107 1472 4162 mirei
1493 4114 1556 4162 auat
1578 4106 1608 4161 in
1628 4114 1671 4163 ata
1691 4126 1781 4165 num:
1805 4116 1921 4167 mortem

1098 4187 1126 4235 et
1139 4179 1289 4234 internum
1298 4176 1453 4234 diabolum
1466 4179 1534 4235 dicit
1543 4184 1571 4234 ιι
1584 4126 1736 4304 popilium
1753 4184 1832 4255 ejus.
1856 4183 1922 4239 Etsi

1114 4253 1144 4307 ui
1153 4267 1203 4305 uon
1217 4258 1254 4305 ιιι
1269 4250 1393 4305 inuentus
1405 4249 1524 4321 scriptus
1536 4250 1566 4304 iu
1597 4249 1658 4304 ilra
1667 4252 1741 4308 vr'tae
1753 4270 1765 4309 .·
1781 4262 1809 4309 et
1822 4256 1872 4325 qui
1883 4268 1922 4307 ro·

1096 4269 1260 4391 iuptatibus
1275 4321 1337 4375 suis
1347 4321 1564 4392 dimissus,per
1576 4326 1811 4393 temporaneam
1822 4325 1923 4381 exami-

1098 4394 1249 4450 nationem
1266 4392 1296 4447 in
1314 4392 1371 4447 hoc
1382 4392 1493 4448 saeculo
1508 4407 1567 4447 non
1583 4394 1693 4449 meruit
1700 4394 1860 4465 judicaria
1875 4397 1923 4450 lter

1097 4466 1302 4529 demitteret,
1316 4463 1414 4519 missus
1432 4469 1470 4517 ιιι
1485 4463 1515 4518 iu
1528 4470 1652 4533 atupnum
1667 4466 1755 4537 ipnr'e.
1767 4468 1806 4523 Et
1821 4468 1924 4522 aidica·

1098 4537 1153 4591 lum
1169 4552 1262 4590 nanum
1276 4539 1301 4588 ιι
1316 4542 1418 4590 terram
1432 4550 1535 4589 naaam.
1561 4535 1688 4590 Primum
1709 4538 1787 4593 enim
1801 4538 1893 4594 colum
1904 4544 1923 4591 ιι

1096 4608 1271 4676 primaterra
1282 4606 1419 4670 abierunt,
1434 4613 1538 4661 etmare
1545 4607 1604 4687 jam
1612 4623 1667 4662 nou
1679 4615 1728 4663 ιιι.
1741 4610 1782 4665 Et
1796 4612 1923 4665 civitaten

1096 4678 1374 4733 sanctarnteruratem
1383 4693 1478 4733 uariam
1492 4676 1560 4745 aida,
1576 4678 1785 4735 descendentem
1797 4682 1829 4736 de
1842 4681 1924 4737 celae

1097 4751 1343 4818 Dea,compasitam
1356 4749 1427 4804 sicut
1447 4764 1579 4819 spamam,
1607 4756 1632 4805 ιι
1646 4758 1780 4807 amatam
1801 4754 1859 4808 cira
1875 4768 1923 4807 ιιι.

1096 4822 1135 4876 Et
1149 4819 1341 4875 audivivocem
1357 4836 1479 4890 maenam
1511 4820 1545 4875 tle
1558 4820 1621 4875 calo
1631 4820 1771 4878 dicentem
1787 4842 1796 4879 :
1817 4824 1925 4879 Beretu-

1098 4892 1270 4946 leruaculum
1286 4891 1337 4948 Dei
1344 4908 1404 4946 aum
1419 4890 1579 4953 homiuibus.
1592 4898 1616 4946 ιι
1627 4892 1837 4952 ιιιιιιιιιιιιιιιι
1848 4898 1923 4967 ipris:

1096 4971 1121 5018 ιι
1136 4964 1189 5033 ipsi
1201 4969 1281 5018 erum
1293 4964 1410 5034 populus
1431 4966 1500 5032 ejus,
1529 4970 1554 5016 ιι
1571 4964 1626 5034 ipre
1651 4962 1727 5020 Deus
1750 4984 1814 5022 cum
1829 4972 1865 5023 eis
1878 4972 1923 5021 ent

1097 5052 1188 5089 aarum
1205 5035 1275 5089 Deus
1288 5051 1296 5087 ι
1310 5040 1334 5087 et
1349 5033 1482 5105 absteraet
1513 5034 1584 5089 nem
1607 5051 1712 5091 ommm
1740 5035 1924 5111 lam-ymantal

1097 5105 1184 5161 aculis
1197 5122 1287 5160 eorum
1302 5112 1348 5172 ,·et
1362 5122 1433 5160 mars
1448 5120 1503 5161 nan
1515 5106 1570 5158 erit
1584 5108 1716 5177 amptius,
1731 5116 1761 5163 et
1776 5112 1868 5166 tuetur
1879 5124 1922 5163 ιιι

1097 5178 1162 5232 erit.
1176 5179 1235 5231 lloc
1249 5181 1344 5232 toturn
1360 5177 1397 5231 de
1414 5176 1508 5245 gloria
1536 5176 1674 5232 Ecclesiae
1704 5178 1797 5245 dixit,
1812 5182 1921 5255 quaten

1097 5247 1294 5319 habebitpost
1310 5248 1565 5303 resurrectionem.
1579 5248 1619 5303 Ει
1633 5248 1720 5313 dicit,
1734 5252 1836 5309 Scribe
1850 5272 1858 5317 ,·
1870 5268 1922 5323 aaa

1097 5321 1309 5374 aiamtermaner
1323 5319 1371 5375 isti
1381 5319 1470 5388 fideles
1481 5325 1505 5373 et
1528 5320 1587 5373 aeri
1599 5324 1677 5376 suut.
1702 5322 1744 5376 lit
1755 5324 1831 5380 dicit
1842 5324 1905 5379 mili
1914 5336 1921 5383 ι

1096 5392 1155 5462 Epa
1164 5408 1222 5446 sum
1235 5411 1251 5442 α
1265 5398 1289 5446 ιι
1307 5412 1337 5455 ω,
1364 5391 1476 5447 initium
1490 5397 1514 5445 et
1537 5389 1610 5461 finit.
1626 5392 1688 5463 Epo
1701 5393 1816 5451 sitienti
1827 5396 1923 5451 datare

1096 5463 1250 5533 [antraque
1261 5462 1328 5517 altre
1342 5462 1447 5532 pratia·
1460 5461 1489 5517 id
1506 5467 1560 5528 est,
1571 5463 1708 5533 cupienti
1718 5468 1921 5523 remissionem

1096 5546 1289 5606 peccatorum
1303 5550 1355 5605 per
1368 5532 1482 5589 iontem
1494 5533 1648 5605 Baptismi.
1664 5534 1719 5603 Qui
1734 5539 1834 5605 ιιιιιιι,
1848 5536 1921 5610 paeti-

1096 5605 1231 5661 debr'tlnec
1245 5628 1253 5675 ,·
1266 5611 1291 5660 et
1300 5605 1497 5675 eraejuslleur,
1508 5612 1533 5660 ιι
1549 5604 1605 5676 ipse
1618 5607 1676 5662 erit
1687 5623 1766 5665 ιιιιιι
1820 5612 1869 5665 ius.
1884 5606 1921 5663 tt·

1095 5677 1177 5733 vuidis
1186 5684 1273 5735 autem
1287 5682 1312 5733 et
1322 5675 1479 5745 incredulis,
1489 5676 1772 5750 crumentum-u
1816 5679 1918 5741 ntum,
