<?xml version="1.0" encoding="UTF-8"?>
<!DOCTYPE html PUBLIC "-//W3C//DTD XHTML 1.0 Transitional//EN"
    "http://www.w3.org/TR/xhtml1/DTD/xhtml1-transitional.dtd">
<html xmlns="http://www.w3.org/1999/xhtml" xml:lang="en" lang="en">
 <head>
  <title>
</title>
<meta http-equiv="Content-Type" content="text/html;charset=utf-8" />
  <meta name='ocr-system' content='tesseract 3.04.00' />
  <meta name='ocr-capabilities' content='ocr_page ocr_carea ocr_par ocr_line ocrx_word'/>
</head>
<body>
  <div class='ocr_page' id='page_1' title='image "./patrologiaecurs07saingoog_0112.png"; bbox 0 0 3952 6150; ppageno 0'>
   <div class='ocr_carea' id='block_1_1' title="bbox 79 238 166 305">
    <p class='ocr_par' dir='ltr' id='par_1_1' title="bbox 79 238 166 305">
     <span class='ocr_line' id='line_1_1' title="bbox 79 238 166 305; baseline 0.069 -5"><span class='ocrx_word' id='word_1_1' title='bbox 79 238 166 305; x_wconf 72' lang='lat'><strong>1525</strong></span> 
     </span>
    </p>
   </div>
   <div class='ocr_carea' id='block_1_2' title="bbox 77 377 947 4338">
    <p class='ocr_par' dir='ltr' id='par_1_2' title="bbox 78 377 940 995">
     <span class='ocr_line' id='line_1_2' title="bbox 78 377 937 455; baseline 0.002 -15"><span class='ocrx_word' id='word_1_2' title='bbox 78 384 152 440; x_wconf 91' lang='lat' dir='ltr'><strong>inde</strong></span> <span class='ocrx_word' id='word_1_3' title='bbox 162 377 454 455; x_wconf 87' lang='lat' dir='ltr'><strong>psncicrediderunt.</strong></span> <span class='ocrx_word' id='word_1_4' title='bbox 466 378 576 451; x_wconf 88' lang='lat' dir='ltr'><strong>Populo</strong></span> <span class='ocrx_word' id='word_1_5' title='bbox 588 380 638 437; x_wconf 86' lang='lat' dir='ltr'><strong>Dei</strong></span> <span class='ocrx_word' id='word_1_6' title='bbox 649 380 767 455; x_wconf 88' lang='lat' dir='ltr'><strong>loquor:</strong></span> <span class='ocrx_word' id='word_1_7' title='bbox 781 388 840 442; x_wconf 90' lang='lat' dir='ltr'><strong>tam</strong></span> <span class='ocrx_word' id='word_1_8' title='bbox 851 385 937 444; x_wconf 87' lang='lat' dir='ltr'><strong>multi</strong></span> 
     </span>
     <span class='ocr_line' id='line_1_3' title="bbox 78 468 940 547; baseline 0.002 -17"><span class='ocrx_word' id='word_1_9' title='bbox 78 471 276 538; x_wconf 77' lang='lat' dir='ltr'><strong>credidimus,</strong></span> <span class='ocrx_word' id='word_1_10' title='bbox 292 485 356 542; x_wconf 81' lang='lat' dir='ltr'><strong>qne</strong></span> <span class='ocrx_word' id='word_1_11' title='bbox 371 468 454 538; x_wconf 79' lang='lat' dir='ltr'><strong>sigua</strong></span> <span class='ocrx_word' id='word_1_12' title='bbox 469 468 618 525; x_wconf 80' lang='lat' dir='ltr'><strong>vidImus‘l</strong></span> <span class='ocrx_word' id='word_1_13' title='bbox 634 470 708 528; x_wconf 91' lang='lat' dir='ltr'><strong>illud</strong></span> <span class='ocrx_word' id='word_1_14' title='bbox 725 489 793 547; x_wconf 81' lang='lat' dir='ltr'><strong>ergo</strong></span> <span class='ocrx_word' id='word_1_15' title='bbox 810 477 886 546; x_wconf 89' lang='lat' dir='ltr'><strong>qood</strong></span> <span class='ocrx_word' id='word_1_16' title='bbox 900 476 940 531; x_wconf 88' lang='lat' dir='ltr'><strong>la·</strong></span> 
     </span>
     <span class='ocr_line' id='line_1_4' title="bbox 79 560 937 635; baseline 0.003 -13"><span class='ocrx_word' id='word_1_17' title='bbox 79 570 163 622; x_wconf 87' lang='lat' dir='ltr'><strong>ctum</strong></span> <span class='ocrx_word' id='word_1_18' title='bbox 189 569 232 622; x_wconf 90' lang='lat' dir='ltr'><strong>est</strong></span> <span class='ocrx_word' id='word_1_19' title='bbox 257 567 339 627; x_wconf 91' lang='lat' dir='ltr'><strong>tunc,</strong></span> <span class='ocrx_word' id='word_1_20' title='bbox 356 560 410 615; x_wconf 90' lang='lat' dir='ltr'><strong>hoc</strong></span> <span class='ocrx_word' id='word_1_21' title='bbox 434 560 509 632; x_wconf 88' lang='lat' dir='ltr'><strong>quod</strong></span> <span class='ocrx_word' id='word_1_22' title='bbox 529 576 607 616; x_wconf 90' lang='lat' dir='ltr'><strong>nunc</strong></span> <span class='ocrx_word' id='word_1_23' title='bbox 626 563 723 634; x_wconf 74' lang='lat' dir='ltr'><strong>agitor</strong></span> <span class='ocrx_word' id='word_1_24' title='bbox 738 568 937 635; x_wconf 68' lang='lat' dir='ltr'><strong>portendebat.</strong></span> 
     </span>
     <span class='ocr_line' id='line_1_5' title="bbox 78 649 940 724; baseline 0.006 -13"><span class='ocrx_word' id='word_1_25' title='bbox 78 655 172 711; x_wconf 79' lang='lat' dir='ltr'><strong>lanei</strong></span> <span class='ocrx_word' id='word_1_26' title='bbox 200 656 316 711; x_wconf 89' lang='lat' dir='ltr'><strong>luerunt</strong></span> <span class='ocrx_word' id='word_1_27' title='bbox 331 649 375 707; x_wconf 86' lang='lat' dir='ltr'><strong>vel</strong></span> <span class='ocrx_word' id='word_1_28' title='bbox 390 656 457 707; x_wconf 88' lang='lat' dir='ltr'><strong>suut</strong></span> <span class='ocrx_word' id='word_1_29' title='bbox 472 651 582 707; x_wconf 89' lang='lat' dir='ltr'><strong>similes</strong></span> <span class='ocrx_word' id='word_1_30' title='bbox 597 652 743 724; x_wconf 80' lang='lat' dir='ltr'><strong>Gulilaeis;</strong></span> <span class='ocrx_word' id='word_1_31' title='bbox 761 674 813 714; x_wconf 90' lang='lat' dir='ltr'><strong>uos</strong></span> <span class='ocrx_word' id='word_1_32' title='bbox 828 659 940 716; x_wconf 89' lang='lat' dir='ltr'><strong>similes</strong></span> 
     </span>
     <span class='ocr_line' id='line_1_6' title="bbox 80 738 939 818; baseline 0.005 -17"><span class='ocrx_word' id='word_1_33' title='bbox 80 738 142 802; x_wconf 81' lang='lat' dir='ltr'><strong>iltis</strong></span> <span class='ocrx_word' id='word_1_34' title='bbox 161 742 369 802; x_wconf 74' lang='lat' dir='ltr'><strong>samaritanis.</strong></span> <span class='ocrx_word' id='word_1_35' title='bbox 384 742 573 815; x_wconf 66' lang='lat' dir='ltr'><strong>Evanguttum</strong></span> <span class='ocrx_word' id='word_1_36' title='bbox 595 745 769 807; x_wconf 84' lang='lat' dir='ltr'><strong>audivimas.</strong></span> <span class='ocrx_word' id='word_1_37' title='bbox 787 748 939 818; x_wconf 75' lang='lat' dir='ltr'><strong>Evangelio</strong></span> 
     </span>
     <span class='ocr_line' id='line_1_7' title="bbox 79 830 940 904; baseline 0 -12"><span class='ocrx_word' id='word_1_38' title='bbox 79 834 299 900; x_wconf 86' lang='lat' dir='ltr'><strong>consensimus,</strong></span> <span class='ocrx_word' id='word_1_39' title='bbox 316 847 366 904; x_wconf 91' lang='lat' dir='ltr'><strong>per</strong></span> <span class='ocrx_word' id='word_1_40' title='bbox 392 830 577 904; x_wconf 75' lang='lat' dir='ltr'><strong>Evangelium</strong></span> <span class='ocrx_word' id='word_1_41' title='bbox 603 833 632 888; x_wconf 92' lang='lat' dir='ltr'><strong>in</strong></span> <span class='ocrx_word' id='word_1_42' title='bbox 649 832 796 891; x_wconf 83' lang='lat' dir='ltr'><strong>Christum</strong></span> <span class='ocrx_word' id='word_1_43' title='bbox 812 838 940 894; x_wconf 90' lang='lat' dir='ltr'><strong>credidi-</strong></span> 
     </span>
     <span class='ocr_line' id='line_1_8' title="bbox 80 919 786 995; baseline -0.004 -14"><span class='ocrx_word' id='word_1_44' title='bbox 80 942 166 992; x_wconf 85' lang='lat' dir='ltr'><strong>mns;</strong></span> <span class='ocrx_word' id='word_1_45' title='bbox 185 922 265 979; x_wconf 90' lang='lat' dir='ltr'><strong>nulla</strong></span> <span class='ocrx_word' id='word_1_46' title='bbox 279 920 364 993; x_wconf 76' lang='lat' dir='ltr'><strong>signa</strong></span> <span class='ocrx_word' id='word_1_47' title='bbox 379 921 521 988; x_wconf 87' lang='lat' dir='ltr'><strong>vidimus,</strong></span> <span class='ocrx_word' id='word_1_48' title='bbox 537 919 617 976; x_wconf 83' lang='lat' dir='ltr'><strong>nulls</strong></span> <span class='ocrx_word' id='word_1_49' title='bbox 634 923 786 995; x_wconf 81' lang='lat' dir='ltr'>exigimus.</span> 
     </span>
    </p>

    <p class='ocr_par' dir='ltr' id='par_1_3' title="bbox 77 1011 947 3322">
     <span class='ocr_line' id='line_1_9' title="bbox 114 1011 941 1080; baseline 0.005 -10"><span class='ocrx_word' id='word_1_50' title='bbox 114 1016 143 1072; x_wconf 70' lang='lat' dir='ltr'><strong>l.</strong></span> <span class='ocrx_word' id='word_1_51' title='bbox 161 1012 301 1080; x_wconf 84' lang='lat' dir='ltr'><strong>Quamvis</strong></span> <span class='ocrx_word' id='word_1_52' title='bbox 315 1011 394 1068; x_wconf 90' lang='lat' dir='ltr'><strong>euim</strong></span> <span class='ocrx_word' id='word_1_53' title='bbox 411 1026 487 1066; x_wconf 91' lang='lat' dir='ltr'><strong>unus</strong></span> <span class='ocrx_word' id='word_1_54' title='bbox 501 1026 534 1067; x_wconf 89' lang='lat' dir='ltr'><strong>ex</strong></span> <span class='ocrx_word' id='word_1_55' title='bbox 552 1012 704 1070; x_wconf 80' lang='lat' dir='ltr'><strong>duodecim</strong></span> <span class='ocrx_word' id='word_1_56' title='bbox 717 1014 814 1072; x_wconf 87' lang='lat' dir='ltr'><strong>electis</strong></span> <span class='ocrx_word' id='word_1_57' title='bbox 828 1021 856 1073; x_wconf 89' lang='lat' dir='ltr'><strong>el</strong></span> <span class='ocrx_word' id='word_1_58' title='bbox 871 1033 941 1074; x_wconf 90' lang='lat' dir='ltr'><strong>san-</strong></span> 
     </span>
     <span class='ocr_line' id='line_1_10' title="bbox 78 1098 939 1176; baseline -0.001 -14"><span class='ocrx_word' id='word_1_59' title='bbox 78 1104 147 1173; x_wconf 86' lang='lat' dir='ltr'><strong>ctis,</strong></span> <span class='ocrx_word' id='word_1_60' title='bbox 164 1110 261 1160; x_wconf 90' lang='lat' dir='ltr'><strong>lamen</strong></span> <span class='ocrx_word' id='word_1_61' title='bbox 285 1099 413 1157; x_wconf 89' lang='lat' dir='ltr'><strong>israelita</strong></span> <span class='ocrx_word' id='word_1_62' title='bbox 436 1098 501 1166; x_wconf 88' lang='lat' dir='ltr'><strong>luit,</strong></span> <span class='ocrx_word' id='word_1_63' title='bbox 517 1100 553 1157; x_wconf 88' lang='lat' dir='ltr'><strong>de</strong></span> <span class='ocrx_word' id='word_1_64' title='bbox 576 1106 662 1173; x_wconf 80' lang='lat' dir='ltr'><strong>gente</strong></span> <span class='ocrx_word' id='word_1_65' title='bbox 686 1104 798 1161; x_wconf 88' lang='lat' dir='ltr'><strong>scilicet</strong></span> <span class='ocrx_word' id='word_1_66' title='bbox 812 1105 939 1176; x_wconf 87' lang='lat' dir='ltr'><strong>Domini,</strong></span> 
     </span>
     <span class='ocr_line' id='line_1_11' title="bbox 77 1189 941 1267; baseline 0.002 -15"><span class='ocrx_word' id='word_1_67' title='bbox 77 1195 215 1252; x_wconf 82' lang='lat' dir='ltr'><strong>Thomas</strong></span> <span class='ocrx_word' id='word_1_68' title='bbox 230 1192 290 1260; x_wconf 91' lang='lat' dir='ltr'><strong>ille,</strong></span> <span class='ocrx_word' id='word_1_69' title='bbox 305 1191 354 1263; x_wconf 87' lang='lat' dir='ltr'><strong>qui</strong></span> <span class='ocrx_word' id='word_1_70' title='bbox 380 1191 409 1246; x_wconf 91' lang='lat' dir='ltr'><strong>in</strong></span> <span class='ocrx_word' id='word_1_71' title='bbox 425 1189 490 1247; x_wconf 88' lang='lat' dir='ltr'><strong>lora</strong></span> <span class='ocrx_word' id='word_1_72' title='bbox 514 1189 664 1249; x_wconf 80' lang='lat' dir='ltr'><strong>uulnerum</strong></span> <span class='ocrx_word' id='word_1_73' title='bbox 681 1193 788 1266; x_wconf 78' lang='lat' dir='ltr'><strong>digitos</strong></span> <span class='ocrx_word' id='word_1_74' title='bbox 806 1196 941 1267; x_wconf 88' lang='lat' dir='ltr'><strong>cupiebat</strong></span> 
     </span>
     <span class='ocr_line' id='line_1_12' title="bbox 79 1280 941 1355; baseline 0.001 -13"><span class='ocrx_word' id='word_1_75' title='bbox 79 1286 211 1343; x_wconf 86' lang='lat' dir='ltr'><strong>mittere.</strong></span> <span class='ocrx_word' id='word_1_76' title='bbox 223 1282 271 1340; x_wconf 90' lang='lat' dir='ltr'><strong>Sie</strong></span> <span class='ocrx_word' id='word_1_77' title='bbox 285 1295 352 1337; x_wconf 91' lang='lat' dir='ltr'><strong>eum</strong></span> <span class='ocrx_word' id='word_1_78' title='bbox 367 1280 462 1353; x_wconf 77' lang='lat' dir='ltr'><strong>arguit</strong></span> <span class='ocrx_word' id='word_1_79' title='bbox 476 1280 619 1337; x_wconf 86' lang='lat' dir='ltr'><strong>Dominus</strong></span> <span class='ocrx_word' id='word_1_80' title='bbox 634 1285 780 1355; x_wconf 90' lang='lat' dir='ltr'><strong>quomodo</strong></span> <span class='ocrx_word' id='word_1_81' title='bbox 795 1285 883 1343; x_wconf 90' lang='lat' dir='ltr'><strong>istum</strong></span> <span class='ocrx_word' id='word_1_82' title='bbox 895 1303 941 1343; x_wconf 92' lang='lat' dir='ltr'><strong>re·</strong></span> 
     </span>
     <span class='ocr_line' id='line_1_13' title="bbox 78 1371 940 1449; baseline 0.002 -17"><span class='ocrx_word' id='word_1_83' title='bbox 78 1376 197 1449; x_wconf 80' lang='lat' dir='ltr'><strong>guium.</strong></span> <span class='ocrx_word' id='word_1_84' title='bbox 213 1371 286 1429; x_wconf 90' lang='lat' dir='ltr'><strong>lluic</strong></span> <span class='ocrx_word' id='word_1_85' title='bbox 301 1372 383 1438; x_wconf 82' lang='lat' dir='ltr'><strong>dixit,</strong></span> <span class='ocrx_word' id='word_1_86' title='bbox 398 1371 459 1428; x_wconf 81' lang='lat' dir='ltr'><strong>Nisi</strong></span> <span class='ocrx_word' id='word_1_87' title='bbox 471 1372 551 1444; x_wconf 77' lang='lat' dir='ltr'><strong>ripun</strong></span> <span class='ocrx_word' id='word_1_88' title='bbox 564 1376 590 1429; x_wconf 90' lang='lat' dir='ltr'><strong>el</strong></span> <span class='ocrx_word' id='word_1_89' title='bbox 602 1374 733 1446; x_wconf 71' lang='lat' dir='ltr'><strong>proripio</strong></span> <span class='ocrx_word' id='word_1_90' title='bbox 746 1375 874 1433; x_wconf 86' lang='lat' dir='ltr'><strong>videritis</strong></span> <span class='ocrx_word' id='word_1_91' title='bbox 883 1394 940 1434; x_wconf 84' lang='grc' dir='ltr'><strong>ηοη</strong></span> 
     </span>
     <span class='ocr_line' id='line_1_14' title="bbox 77 1461 940 1534; baseline 0.001 -10"><span class='ocrx_word' id='word_1_92' title='bbox 77 1466 217 1524; x_wconf 83' lang='lat' dir='ltr'><strong>creditis:</strong></span> <span class='ocrx_word' id='word_1_93' title='bbox 233 1462 277 1520; x_wconf 93' lang='lat' dir='ltr'><strong>illi</strong></span> <span class='ocrx_word' id='word_1_94' title='bbox 291 1467 389 1521; x_wconf 86' lang='lat' dir='ltr'><strong>autem</strong></span> <span class='ocrx_word' id='word_1_95' title='bbox 402 1461 486 1532; x_wconf 84' lang='lat' dir='ltr'><strong>dixit,</strong></span> <span class='ocrx_word' id='word_1_96' title='bbox 503 1464 573 1532; x_wconf 83' lang='lat' dir='ltr'><strong>Quia</strong></span> <span class='ocrx_word' id='word_1_97' title='bbox 596 1463 700 1534; x_wconf 83' lang='lat' dir='ltr'><strong>vidisti,</strong></span> <span class='ocrx_word' id='word_1_98' title='bbox 716 1467 868 1524; x_wconf 74' lang='lat' dir='ltr'><strong>credidisti.</strong></span> <span class='ocrx_word' id='word_1_99' title='bbox 897 1469 940 1525; x_wconf 78' lang='lat' dir='ltr'><strong>nd</strong></span> 
     </span>
     <span class='ocr_line' id='line_1_15' title="bbox 80 1552 942 1630; baseline 0.002 -17"><span class='ocrx_word' id='word_1_100' title='bbox 80 1555 220 1614; x_wconf 79' lang='lat' dir='ltr'><strong>Galilsscs</strong></span> <span class='ocrx_word' id='word_1_101' title='bbox 234 1555 364 1624; x_wconf 80' lang='lat' dir='ltr'><strong>veneral,</strong></span> <span class='ocrx_word' id='word_1_102' title='bbox 380 1557 445 1627; x_wconf 85' lang='lat' dir='ltr'><strong>post</strong></span> <span class='ocrx_word' id='word_1_103' title='bbox 460 1552 661 1612; x_wconf 71' lang='lat' dir='ltr'><strong>samaritanos</strong></span> <span class='ocrx_word' id='word_1_104' title='bbox 676 1556 723 1629; x_wconf 87' lang='lat' dir='ltr'><strong>qui</strong></span> <span class='ocrx_word' id='word_1_105' title='bbox 735 1557 862 1615; x_wconf 91' lang='lat' dir='ltr'><strong>sermoni</strong></span> <span class='ocrx_word' id='word_1_106' title='bbox 877 1559 942 1630; x_wconf 83' lang='lat' dir='ltr'><strong>ejus</strong></span> 
     </span>
     <span class='ocr_line' id='line_1_16' title="bbox 81 1642 941 1719; baseline 0.001 -14"><span class='ocrx_word' id='word_1_107' title='bbox 81 1646 280 1715; x_wconf 87' lang='lat' dir='ltr'><strong>crediderant,</strong></span> <span class='ocrx_word' id='word_1_108' title='bbox 293 1642 370 1717; x_wconf 88' lang='lat' dir='ltr'><strong>apud</strong></span> <span class='ocrx_word' id='word_1_109' title='bbox 386 1658 462 1716; x_wconf 86' lang='lat' dir='ltr'><strong>quoa</strong></span> <span class='ocrx_word' id='word_1_110' title='bbox 482 1643 564 1701; x_wconf 90' lang='lat' dir='ltr'><strong>nulla</strong></span> <span class='ocrx_word' id='word_1_111' title='bbox 580 1645 721 1703; x_wconf 87' lang='lat' dir='ltr'><strong>miracula</strong></span> <span class='ocrx_word' id='word_1_112' title='bbox 736 1647 852 1716; x_wconf 87' lang='lat' dir='ltr'><strong>lacerat,</strong></span> <span class='ocrx_word' id='word_1_113' title='bbox 869 1664 941 1719; x_wconf 83' lang='lat' dir='ltr'><strong>quos</strong></span> 
     </span>
     <span class='ocr_line' id='line_1_17' title="bbox 83 1731 941 1807; baseline 0.002 -16"><span class='ocrx_word' id='word_1_114' title='bbox 83 1736 189 1794; x_wconf 85' lang='lat' dir='ltr'><strong>firmos</strong></span> <span class='ocrx_word' id='word_1_115' title='bbox 205 1734 236 1790; x_wconf 91' lang='lat' dir='ltr'><strong>ia</strong></span> <span class='ocrx_word' id='word_1_116' title='bbox 248 1732 305 1789; x_wconf 83' lang='lat' dir='ltr'><strong>lide</strong></span> <span class='ocrx_word' id='word_1_117' title='bbox 319 1731 506 1790; x_wconf 86' lang='lat' dir='ltr'><strong>securuscito</strong></span> <span class='ocrx_word' id='word_1_118' title='bbox 521 1732 683 1805; x_wconf 75' lang='lat' dir='ltr'><strong>dimiserat,</strong></span> <span class='ocrx_word' id='word_1_119' title='bbox 701 1735 770 1807; x_wconf 87' lang='lat' dir='ltr'><strong>quia</strong></span> <span class='ocrx_word' id='word_1_120' title='bbox 781 1734 941 1793; x_wconf 84' lang='lat' dir='ltr'><strong>divinitatis</strong></span> 
     </span>
     <span class='ocr_line' id='line_1_18' title="bbox 82 1820 942 1900; baseline 0 -17"><span class='ocrx_word' id='word_1_121' title='bbox 82 1823 246 1900; x_wconf 80' lang='lat' dir='ltr'><strong>presentis</strong></span> <span class='ocrx_word' id='word_1_122' title='bbox 259 1837 315 1880; x_wconf 90' lang='lat' dir='ltr'><strong>non</strong></span> <span class='ocrx_word' id='word_1_123' title='bbox 328 1820 491 1889; x_wconf 74' lang='lat' dir='ltr'><strong>dimiserat.</strong></span> <span class='ocrx_word' id='word_1_124' title='bbox 507 1821 581 1895; x_wconf 77' lang='lat' dir='ltr'><strong>lirgo</strong></span> <span class='ocrx_word' id='word_1_125' title='bbox 592 1824 709 1895; x_wconf 88' lang='lat' dir='ltr'><strong>quando</strong></span> <span class='ocrx_word' id='word_1_126' title='bbox 720 1824 833 1881; x_wconf 88' lang='lat' dir='ltr'><strong>dicebat</strong></span> <span class='ocrx_word' id='word_1_127' title='bbox 845 1825 942 1883; x_wconf 83' lang='lat' dir='ltr'><strong>lintul-</strong></span> 
     </span>
     <span class='ocr_line' id='line_1_19' title="bbox 83 1909 942 1983; baseline -0.002 -10"><span class='ocrx_word' id='word_1_128' title='bbox 83 1930 141 1973; x_wconf 87' lang='lat' dir='ltr'><strong>nus</strong></span> <span class='ocrx_word' id='word_1_129' title='bbox 155 1914 287 1982; x_wconf 80' lang='lat' dir='ltr'><strong>Thema,</strong></span> <span class='ocrx_word' id='word_1_130' title='bbox 307 1911 382 1981; x_wconf 78' lang='lat' dir='ltr'><strong>Veni,</strong></span> <span class='ocrx_word' id='word_1_131' title='bbox 392 1909 472 1967; x_wconf 83' lang='lat' dir='ltr'><strong>mitte</strong></span> <span class='ocrx_word' id='word_1_132' title='bbox 485 1927 599 1967; x_wconf 83' lang='lat' dir='ltr'><strong>manum</strong></span> <span class='ocrx_word' id='word_1_133' title='bbox 615 1919 704 1983; x_wconf 84' lang='lat' dir='ltr'><strong>tarem,</strong></span> <span class='ocrx_word' id='word_1_134' title='bbox 719 1921 744 1969; x_wconf 84' lang='lat' dir='ltr'><strong>et</strong></span> <span class='ocrx_word' id='word_1_135' title='bbox 759 1912 820 1969; x_wconf 83' lang='lat' dir='ltr'><strong>noli</strong></span> <span class='ocrx_word' id='word_1_136' title='bbox 829 1930 886 1971; x_wconf 83' lang='lat' dir='ltr'><strong>esre</strong></span> <span class='ocrx_word' id='word_1_137' title='bbox 900 1917 942 1971; x_wconf 81' lang='lat' dir='ltr'><strong>irs·</strong></span> 
     </span>
     <span class='ocr_line' id='line_1_20' title="bbox 80 2000 943 2074; baseline -0.002 -11"><span class='ocrx_word' id='word_1_138' title='bbox 80 2004 228 2074; x_wconf 71' lang='lat' dir='ltr'><strong>credulae,</strong></span> <span class='ocrx_word' id='word_1_139' title='bbox 241 2001 289 2060; x_wconf 83' lang='lat' dir='ltr'><strong>sed</strong></span> <span class='ocrx_word' id='word_1_140' title='bbox 308 2000 425 2073; x_wconf 60' lang='grc' dir='ltr'><strong>βηεὶἱη</strong></span> <span class='ocrx_word' id='word_1_141' title='bbox 441 2006 469 2058; x_wconf 88' lang='lat' dir='ltr'><strong>et</strong></span> <span class='ocrx_word' id='word_1_142' title='bbox 491 2017 559 2058; x_wconf 87' lang='lat' dir='ltr'><strong>aum</strong></span> <span class='ocrx_word' id='word_1_143' title='bbox 583 2001 632 2059; x_wconf 90' lang='lat' dir='ltr'><strong>ille</strong></span> <span class='ocrx_word' id='word_1_144' title='bbox 657 2004 840 2074; x_wconf 79' lang='lat' dir='ltr'><strong>exclamaret,</strong></span> <span class='ocrx_word' id='word_1_145' title='bbox 856 2005 943 2062; x_wconf 88' lang='lat' dir='ltr'><strong>tactis</strong></span> 
     </span>
     <span class='ocr_line' id='line_1_21' title="bbox 81 2091 943 2163; baseline 0.003 -13"><span class='ocrx_word' id='word_1_146' title='bbox 81 2097 243 2153; x_wconf 84' lang='lat' dir='ltr'><strong>vulnerum</strong></span> <span class='ocrx_word' id='word_1_147' title='bbox 267 2091 352 2162; x_wconf 90' lang='lat' dir='ltr'><strong>iocis,</strong></span> <span class='ocrx_word' id='word_1_148' title='bbox 376 2096 406 2149; x_wconf 89' lang='lat' dir='ltr'><strong>et</strong></span> <span class='ocrx_word' id='word_1_149' title='bbox 428 2092 547 2162; x_wconf 89' lang='lat' dir='ltr'><strong>diceret,</strong></span> <span class='ocrx_word' id='word_1_150' title='bbox 563 2093 695 2150; x_wconf 82' lang='lat' dir='ltr'><strong>Dominus</strong></span> <span class='ocrx_word' id='word_1_151' title='bbox 718 2110 805 2163; x_wconf 83' lang='lat' dir='ltr'><strong>meaa,</strong></span> <span class='ocrx_word' id='word_1_152' title='bbox 824 2099 850 2152; x_wconf 83' lang='lat' dir='ltr'><strong>et</strong></span> <span class='ocrx_word' id='word_1_153' title='bbox 875 2096 943 2153; x_wconf 81' lang='lat' dir='ltr'><strong>Deua</strong></span> 
     </span>
     <span class='ocr_line' id='line_1_22' title="bbox 80 2181 943 2255; baseline -0.001 -12"><span class='ocrx_word' id='word_1_154' title='bbox 80 2201 162 2243; x_wconf 77' lang='lat' dir='ltr'><strong>rasus</strong></span> <span class='ocrx_word' id='word_1_155' title='bbox 185 2199 197 2241; x_wconf 93' lang='lat'><strong>.·</strong></span> <span class='ocrx_word' id='word_1_156' title='bbox 220 2184 390 2255; x_wconf 86' lang='lat' dir='ltr'><strong>increpatur</strong></span> <span class='ocrx_word' id='word_1_157' title='bbox 408 2191 435 2239; x_wconf 92' lang='lat' dir='ltr'><strong>et</strong></span> <span class='ocrx_word' id='word_1_158' title='bbox 460 2181 564 2238; x_wconf 88' lang='lat' dir='ltr'><strong>dicitur</strong></span> <span class='ocrx_word' id='word_1_159' title='bbox 588 2182 625 2250; x_wconf 90' lang='lat' dir='ltr'><strong>ei,</strong></span> <span class='ocrx_word' id='word_1_160' title='bbox 654 2183 724 2252; x_wconf 86' lang='lat' dir='ltr'><strong>Quia</strong></span> <span class='ocrx_word' id='word_1_161' title='bbox 747 2187 858 2255; x_wconf 77' lang='lat' dir='ltr'><strong>vidisti,</strong></span> <span class='ocrx_word' id='word_1_162' title='bbox 883 2201 943 2242; x_wconf 88' lang='lat' dir='ltr'><strong>cre-</strong></span> 
     </span>
     <span class='ocr_line' id='line_1_23' title="bbox 82 2271 945 2346; baseline 0.001 -14"><span class='ocrx_word' id='word_1_163' title='bbox 82 2275 192 2332; x_wconf 83' lang='lat' dir='ltr'><strong>didisti.</strong></span> <span class='ocrx_word' id='word_1_164' title='bbox 214 2273 319 2340; x_wconf 82' lang='lat' dir='ltr'><strong>Quare,</strong></span> <span class='ocrx_word' id='word_1_165' title='bbox 336 2271 390 2328; x_wconf 91' lang='lat' dir='ltr'><strong>nisi</strong></span> <span class='ocrx_word' id='word_1_166' title='bbox 410 2273 476 2346; x_wconf 80' lang='lat' dir='ltr'><strong>puio</strong></span> <span class='ocrx_word' id='word_1_167' title='bbox 493 2273 626 2345; x_wconf 82' lang='lat' dir='ltr'><strong>propbeta</strong></span> <span class='ocrx_word' id='word_1_168' title='bbox 641 2274 777 2345; x_wconf 80' lang='lat' dir='ltr'><strong>inpetriri</strong></span> <span class='ocrx_word' id='word_1_169' title='bbox 794 2291 843 2331; x_wconf 80' lang='lat' dir='ltr'><strong>rua</strong></span> <span class='ocrx_word' id='word_1_170' title='bbox 863 2282 945 2333; x_wconf 81' lang='lat' dir='ltr'><strong>hene·</strong></span> 
     </span>
     <span class='ocr_line' id='line_1_24' title="bbox 83 2362 943 2437; baseline 0.001 -16"><span class='ocrx_word' id='word_1_171' title='bbox 83 2382 142 2423; x_wconf 85' lang='lat' dir='ltr'><strong>rens</strong></span> <span class='ocrx_word' id='word_1_172' title='bbox 167 2379 226 2420; x_wconf 79' lang='lat' dir='ltr'><strong>nors</strong></span> <span class='ocrx_word' id='word_1_173' title='bbox 249 2362 356 2419; x_wconf 79' lang='lat' dir='ltr'><strong>iubet?</strong></span> <span class='ocrx_word' id='word_1_174' title='bbox 380 2364 452 2430; x_wconf 83' lang='lat' dir='ltr'><strong>Quia</strong></span> <span class='ocrx_word' id='word_1_175' title='bbox 475 2378 544 2420; x_wconf 85' lang='lat' dir='ltr'><strong>vero</strong></span> <span class='ocrx_word' id='word_1_176' title='bbox 568 2365 643 2435; x_wconf 89' lang='lat' dir='ltr'><strong>apud</strong></span> <span class='ocrx_word' id='word_1_177' title='bbox 669 2364 848 2436; x_wconf 75' lang='lat' dir='ltr'><strong>alienigenas</strong></span> <span class='ocrx_word' id='word_1_178' title='bbox 877 2381 943 2437; x_wconf 90' lang='lat' dir='ltr'><strong>pru·</strong></span> 
     </span>
     <span class='ocr_line' id='line_1_25' title="bbox 83 2452 946 2529; baseline -0.001 -17"><span class='ocrx_word' id='word_1_179' title='bbox 83 2455 176 2529; x_wconf 85' lang='lat' dir='ltr'><strong>pheta</strong></span> <span class='ocrx_word' id='word_1_180' title='bbox 191 2454 248 2511; x_wconf 90' lang='lat' dir='ltr'><strong>iste</strong></span> <span class='ocrx_word' id='word_1_181' title='bbox 263 2456 403 2510; x_wconf 86' lang='lat' dir='ltr'><strong>honorem</strong></span> <span class='ocrx_word' id='word_1_182' title='bbox 419 2452 517 2520; x_wconf 89' lang='lat' dir='ltr'><strong>habat,</strong></span> <span class='ocrx_word' id='word_1_183' title='bbox 534 2452 603 2525; x_wconf 83' lang='lat' dir='ltr'><strong>quid</strong></span> <span class='ocrx_word' id='word_1_184' title='bbox 625 2453 777 2526; x_wconf 79' lang='lat' dir='ltr'><strong>sequitur?</strong></span> <span class='ocrx_word' id='word_1_185' title='bbox 794 2454 874 2511; x_wconf 83' lang='lat' dir='ltr'><strong>Bruti</strong></span> <span class='ocrx_word' id='word_1_186' title='bbox 897 2454 946 2527; x_wconf 82' lang='lat' dir='ltr'><strong>qul</strong></span> 
     </span>
     <span class='ocr_line' id='line_1_26' title="bbox 83 2541 945 2615; baseline -0.002 -14"><span class='ocrx_word' id='word_1_187' title='bbox 83 2561 141 2602; x_wconf 81' lang='lat' dir='ltr'><strong>aes</strong></span> <span class='ocrx_word' id='word_1_188' title='bbox 166 2543 297 2601; x_wconf 81' lang='lat' dir='ltr'><strong>uiderunt</strong></span> <span class='ocrx_word' id='word_1_189' title='bbox 320 2552 348 2599; x_wconf 84' lang='lat' dir='ltr'><strong>et</strong></span> <span class='ocrx_word' id='word_1_190' title='bbox 370 2541 564 2599; x_wconf 80' lang='lat' dir='ltr'><strong>crediderent¹</strong></span> <span class='ocrx_word' id='word_1_191' title='bbox 582 2543 670 2615; x_wconf 76' lang='lat' dir='ltr'><strong>(lourz.</strong></span> <span class='ocrx_word' id='word_1_192' title='bbox 686 2561 734 2615; x_wconf 84' lang='lat' dir='ltr'><strong>xx,</strong></span> <span class='ocrx_word' id='word_1_193' title='bbox 753 2544 945 2614; x_wconf 77' lang='lat' dir='ltr'><strong>25-29).Prae·</strong></span> 
     </span>
     <span class='ocr_line' id='line_1_27' title="bbox 86 2632 944 2705; baseline -0.002 -13"><span class='ocrx_word' id='word_1_194' title='bbox 86 2636 160 2692; x_wconf 86' lang='lat' dir='ltr'><strong>dieti</strong></span> <span class='ocrx_word' id='word_1_195' title='bbox 175 2650 279 2691; x_wconf 86' lang='lat' dir='ltr'><strong>sumus</strong></span> <span class='ocrx_word' id='word_1_196' title='bbox 290 2649 359 2702; x_wconf 89' lang='lat' dir='ltr'><strong>nos;</strong></span> <span class='ocrx_word' id='word_1_197' title='bbox 371 2638 399 2690; x_wconf 91' lang='lat' dir='ltr'><strong>et</strong></span> <span class='ocrx_word' id='word_1_198' title='bbox 409 2634 483 2705; x_wconf 90' lang='lat' dir='ltr'><strong>quod</strong></span> <span class='ocrx_word' id='word_1_199' title='bbox 496 2632 639 2690; x_wconf 87' lang='lat' dir='ltr'><strong>Dominus</strong></span> <span class='ocrx_word' id='word_1_200' title='bbox 649 2640 716 2690; x_wconf 87' lang='lat' dir='ltr'><strong>ante</strong></span> <span class='ocrx_word' id='word_1_201' title='bbox 728 2634 865 2697; x_wconf 86' lang='lat' dir='ltr'><strong>laudarit,</strong></span> <span class='ocrx_word' id='word_1_202' title='bbox 877 2647 902 2691; x_wconf 89' lang='lat' dir='ltr'><strong>et</strong></span> <span class='ocrx_word' id='word_1_203' title='bbox 914 2634 944 2690; x_wconf 89' lang='lat' dir='ltr'><strong>iu</strong></span> 
     </span>
     <span class='ocr_line' id='line_1_28' title="bbox 85 2722 946 2797; baseline -0.003 -14"><span class='ocrx_word' id='word_1_204' title='bbox 85 2724 174 2783; x_wconf 87' lang='lat' dir='ltr'><strong>nobis</strong></span> <span class='ocrx_word' id='word_1_205' title='bbox 194 2722 316 2797; x_wconf 84' lang='lat' dir='ltr'><strong>implere</strong></span> <span class='ocrx_word' id='word_1_206' title='bbox 331 2723 468 2796; x_wconf 80' lang='lat' dir='ltr'><strong>dignatus</strong></span> <span class='ocrx_word' id='word_1_207' title='bbox 492 2729 547 2780; x_wconf 89' lang='lat' dir='ltr'><strong>est.</strong></span> <span class='ocrx_word' id='word_1_208' title='bbox 564 2723 707 2782; x_wconf 75' lang='lat' dir='ltr'><strong>Viderunt</strong></span> <span class='ocrx_word' id='word_1_209' title='bbox 721 2725 771 2797; x_wconf 89' lang='lat' dir='ltr'><strong>qui</strong></span> <span class='ocrx_word' id='word_1_210' title='bbox 792 2724 946 2783; x_wconf 84' lang='lat' dir='ltr'><strong>erucifixe-</strong></span> 
     </span>
     <span class='ocr_line' id='line_1_29' title="bbox 87 2814 945 2893; baseline -0.001 -21"><span class='ocrx_word' id='word_1_211' title='bbox 87 2820 169 2885; x_wconf 87' lang='lat' dir='ltr'><strong>runt,</strong></span> <span class='ocrx_word' id='word_1_212' title='bbox 186 2814 389 2893; x_wconf 77' lang='lat' dir='ltr'><strong>palpaverunt,</strong></span> <span class='ocrx_word' id='word_1_213' title='bbox 404 2819 433 2871; x_wconf 90' lang='lat' dir='ltr'><strong>et</strong></span> <span class='ocrx_word' id='word_1_214' title='bbox 448 2814 491 2870; x_wconf 88' lang='lat' dir='ltr'><strong>sie</strong></span> <span class='ocrx_word' id='word_1_215' title='bbox 506 2815 590 2885; x_wconf 90' lang='lat' dir='ltr'><strong>pauci</strong></span> <span class='ocrx_word' id='word_1_216' title='bbox 601 2817 805 2873; x_wconf 88' lang='lat' dir='ltr'><strong>crediderunt:</strong></span> <span class='ocrx_word' id='word_1_217' title='bbox 824 2832 875 2873; x_wconf 89' lang='lat' dir='ltr'><strong>noa</strong></span> <span class='ocrx_word' id='word_1_218' title='bbox 887 2831 945 2872; x_wconf 88' lang='lat' dir='ltr'><strong>non</strong></span> 
     </span>
     <span class='ocr_line' id='line_1_30' title="bbox 85 2905 944 2976; baseline -0.005 -13"><span class='ocrx_word' id='word_1_219' title='bbox 85 2905 293 2974; x_wconf 80' lang='lat' dir='ltr'><strong>vidimus,non</strong></span> <span class='ocrx_word' id='word_1_220' title='bbox 304 2905 744 2976; x_wconf 87' lang='lat' dir='ltr'><strong>contrectavimus,audirimus,</strong></span> <span class='ocrx_word' id='word_1_221' title='bbox 755 2905 944 2963; x_wconf 90' lang='lat' dir='ltr'><strong>credidimus.</strong></span> 
     </span>
     <span class='ocr_line' id='line_1_31' title="bbox 86 2993 945 3066; baseline 0 -15"><span class='ocrx_word' id='word_1_222' title='bbox 86 2995 152 3052; x_wconf 83' lang='lat' dir='ltr'><strong>Fiat</strong></span> <span class='ocrx_word' id='word_1_223' title='bbox 177 2994 208 3050; x_wconf 93' lang='lat' dir='ltr'><strong>in</strong></span> <span class='ocrx_word' id='word_1_224' title='bbox 233 2993 329 3059; x_wconf 88' lang='lat' dir='ltr'><strong>uobis,</strong></span> <span class='ocrx_word' id='word_1_225' title='bbox 347 2993 514 3065; x_wconf 86' lang='lat' dir='ltr'><strong>persseiatur</strong></span> <span class='ocrx_word' id='word_1_226' title='bbox 542 2996 672 3051; x_wconf 90' lang='lat' dir='ltr'><strong>innubis</strong></span> <span class='ocrx_word' id='word_1_227' title='bbox 697 2994 844 3051; x_wconf 84' lang='lat' dir='ltr'><strong>beatitudo</strong></span> <span class='ocrx_word' id='word_1_228' title='bbox 860 3012 945 3066; x_wconf 90' lang='lat' dir='ltr'><strong>qoam</strong></span> 
     </span>
     <span class='ocr_line' id='line_1_32' title="bbox 86 3083 945 3158; baseline 0 -17"><span class='ocrx_word' id='word_1_229' title='bbox 86 3084 244 3157; x_wconf 85' lang='lat' dir='ltr'><strong>promiail;</strong></span> <span class='ocrx_word' id='word_1_230' title='bbox 261 3090 291 3141; x_wconf 91' lang='lat' dir='ltr'><strong>et</strong></span> <span class='ocrx_word' id='word_1_231' title='bbox 309 3083 370 3153; x_wconf 89' lang='lat' dir='ltr'><strong>hie,</strong></span> <span class='ocrx_word' id='word_1_232' title='bbox 386 3083 453 3157; x_wconf 89' lang='lat' dir='ltr'><strong>quia</strong></span> <span class='ocrx_word' id='word_1_233' title='bbox 471 3085 569 3154; x_wconf 84' lang='lat' dir='ltr'><strong>patrie</strong></span> <span class='ocrx_word' id='word_1_234' title='bbox 591 3085 684 3157; x_wconf 88' lang='lat' dir='ltr'><strong>ipsius</strong></span> <span class='ocrx_word' id='word_1_235' title='bbox 698 3084 807 3158; x_wconf 79' lang='lat' dir='ltr'><strong>prelati</strong></span> <span class='ocrx_word' id='word_1_236' title='bbox 824 3100 945 3154; x_wconf 82' lang='lat' dir='ltr'><strong>suorus3</strong></span> 
     </span>
     <span class='ocr_line' id='line_1_33' title="bbox 88 3172 947 3247; baseline -0.001 -17"><span class='ocrx_word' id='word_1_237' title='bbox 88 3184 116 3231; x_wconf 88' lang='lat' dir='ltr'><strong>st</strong></span> <span class='ocrx_word' id='word_1_238' title='bbox 131 3174 163 3230; x_wconf 91' lang='lat' dir='ltr'><strong>in</strong></span> <span class='ocrx_word' id='word_1_239' title='bbox 188 3174 285 3230; x_wconf 89' lang='lat' dir='ltr'><strong>lutura</strong></span> <span class='ocrx_word' id='word_1_240' title='bbox 309 3172 426 3241; x_wconf 81' lang='lat' dir='ltr'><strong>secolo,</strong></span> <span class='ocrx_word' id='word_1_241' title='bbox 442 3175 514 3246; x_wconf 89' lang='lat' dir='ltr'><strong>quia</strong></span> <span class='ocrx_word' id='word_1_242' title='bbox 538 3190 588 3247; x_wconf 89' lang='lat' dir='ltr'><strong>pro</strong></span> <span class='ocrx_word' id='word_1_243' title='bbox 613 3177 703 3232; x_wconf 89' lang='lat' dir='ltr'><strong>ramis</strong></span> <span class='ocrx_word' id='word_1_244' title='bbox 730 3177 829 3231; x_wconf 89' lang='lat' dir='ltr'><strong>iraelia</strong></span> <span class='ocrx_word' id='word_1_245' title='bbox 844 3174 947 3230; x_wconf 88' lang='lat' dir='ltr'><strong>inserti</strong></span> 
     </span>
     <span class='ocr_line' id='line_1_34' title="bbox 87 3280 206 3322; baseline 0 -2"><span class='ocrx_word' id='word_1_246' title='bbox 87 3280 206 3322; x_wconf 88' lang='lat' dir='ltr'><strong>sumus.</strong></span> 
     </span>
    </p>

    <p class='ocr_par' dir='ltr' id='par_1_4' title="bbox 86 3354 947 4338">
     <span class='ocr_line' id='line_1_35' title="bbox 122 3354 947 3424; baseline 0.001 -14"><span class='ocrx_word' id='word_1_247' title='bbox 122 3356 152 3412; x_wconf 85' lang='lat'><strong>5.</strong></span> <span class='ocrx_word' id='word_1_248' title='bbox 169 3355 229 3413; x_wconf 87' lang='lat' dir='ltr'><strong>ilos</strong></span> <span class='ocrx_word' id='word_1_249' title='bbox 244 3354 323 3412; x_wconf 90' lang='lat' dir='ltr'><strong>anim</strong></span> <span class='ocrx_word' id='word_1_250' title='bbox 339 3371 437 3412; x_wconf 90' lang='lat' dir='ltr'><strong>ramos</strong></span> <span class='ocrx_word' id='word_1_251' title='bbox 452 3372 484 3413; x_wconf 89' lang='lat' dir='ltr'><strong>se</strong></span> <span class='ocrx_word' id='word_1_252' title='bbox 497 3356 660 3413; x_wconf 84' lang='lat' dir='ltr'><strong>fracturum</strong></span> <span class='ocrx_word' id='word_1_253' title='bbox 675 3371 739 3413; x_wconf 89' lang='lat' dir='ltr'><strong>essa</strong></span> <span class='ocrx_word' id='word_1_254' title='bbox 755 3357 947 3424; x_wconf 75' lang='lat' dir='ltr'><strong>monstrabat,</strong></span> 
     </span>
     <span class='ocr_line' id='line_1_36' title="bbox 87 3444 947 3519; baseline -0.001 -16"><span class='ocrx_word' id='word_1_255' title='bbox 87 3451 116 3503; x_wconf 88' lang='lat' dir='ltr'><strong>et</strong></span> <span class='ocrx_word' id='word_1_256' title='bbox 139 3445 222 3502; x_wconf 85' lang='lat' dir='ltr'><strong>huuc</strong></span> <span class='ocrx_word' id='word_1_257' title='bbox 247 3444 408 3502; x_wconf 83' lang='lat' dir='ltr'><strong>oleastrum</strong></span> <span class='ocrx_word' id='word_1_258' title='bbox 435 3444 625 3511; x_wconf 88' lang='lat' dir='ltr'><strong>inserturum,</strong></span> <span class='ocrx_word' id='word_1_259' title='bbox 643 3448 759 3519; x_wconf 86' lang='lat' dir='ltr'><strong>qnando</strong></span> <span class='ocrx_word' id='word_1_260' title='bbox 783 3451 947 3503; x_wconf 88' lang='lat' dir='ltr'><strong>commotus</strong></span> 
     </span>
     <span class='ocr_line' id='line_1_37' title="bbox 87 3535 946 3611; baseline -0.003 -15"><span class='ocrx_word' id='word_1_261' title='bbox 87 3535 278 3596; x_wconf 66' lang='lat' dir='ltr'><strong>centurionis</strong></span> <span class='ocrx_word' id='word_1_262' title='bbox 303 3535 368 3603; x_wconf 88' lang='lat' dir='ltr'><strong>lide,</strong></span> <span class='ocrx_word' id='word_1_263' title='bbox 384 3536 433 3609; x_wconf 87' lang='lat' dir='ltr'><strong>qui</strong></span> <span class='ocrx_word' id='word_1_264' title='bbox 458 3537 484 3593; x_wconf 91' lang='lat' dir='ltr'><strong>ei</strong></span> <span class='ocrx_word' id='word_1_265' title='bbox 500 3537 582 3607; x_wconf 82' lang='lat' dir='ltr'><strong>dixit,</strong></span> <span class='ocrx_word' id='word_1_266' title='bbox 600 3543 687 3595; x_wconf 77' lang='lat' dir='ltr'><strong>«Non</strong></span> <span class='ocrx_word' id='word_1_267' title='bbox 703 3555 768 3595; x_wconf 89' lang='lat' dir='ltr'><strong>sum</strong></span> <span class='ocrx_word' id='word_1_268' title='bbox 785 3540 893 3611; x_wconf 78' lang='lat' dir='ltr'><strong>dignus</strong></span> <span class='ocrx_word' id='word_1_269' title='bbox 915 3545 946 3593; x_wconf 92' lang='lat' dir='ltr'><strong>ul</strong></span> 
     </span>
     <span class='ocr_line' id='line_1_38' title="bbox 87 3629 946 3698; baseline -0.005 -11"><span class='ocrx_word' id='word_1_270' title='bbox 87 3630 143 3687; x_wconf 92' lang='lat' dir='ltr'><strong>sub</strong></span> <span class='ocrx_word' id='word_1_271' title='bbox 159 3633 272 3687; x_wconf 88' lang='lat' dir='ltr'><strong>lactum</strong></span> <span class='ocrx_word' id='word_1_272' title='bbox 297 3644 396 3686; x_wconf 89' lang='lat' dir='ltr'><strong>meum</strong></span> <span class='ocrx_word' id='word_1_273' title='bbox 412 3629 523 3698; x_wconf 88' lang='lat' dir='ltr'><strong>intres;</strong></span> <span class='ocrx_word' id='word_1_274' title='bbox 540 3630 591 3687; x_wconf 91' lang='lat' dir='ltr'><strong>sed</strong></span> <span class='ocrx_word' id='word_1_275' title='bbox 613 3636 725 3688; x_wconf 90' lang='lat' dir='ltr'><strong>tantum</strong></span> <span class='ocrx_word' id='word_1_276' title='bbox 739 3632 785 3687; x_wconf 90' lang='lat' dir='ltr'><strong>die</strong></span> <span class='ocrx_word' id='word_1_277' title='bbox 799 3634 896 3693; x_wconf 84' lang='lat' dir='ltr'><strong>verbo,</strong></span> <span class='ocrx_word' id='word_1_278' title='bbox 917 3631 946 3684; x_wconf 91' lang='lat' dir='ltr'><strong>et</strong></span> 
     </span>
     <span class='ocr_line' id='line_1_39' title="bbox 90 3718 944 3793; baseline -0.005 -16"><span class='ocrx_word' id='word_1_279' title='bbox 90 3718 248 3777; x_wconf 86' lang='lat' dir='ltr'><strong>sanabitur</strong></span> <span class='ocrx_word' id='word_1_280' title='bbox 263 3733 336 3790; x_wconf 89' lang='lat' dir='ltr'><strong>puer</strong></span> <span class='ocrx_word' id='word_1_281' title='bbox 346 3733 448 3776; x_wconf 89' lang='lat' dir='ltr'><strong>maus:</strong></span> <span class='ocrx_word' id='word_1_282' title='bbox 465 3736 531 3775; x_wconf 88' lang='lat' dir='ltr'><strong>nam</strong></span> <span class='ocrx_word' id='word_1_283' title='bbox 544 3726 572 3776; x_wconf 90' lang='lat' dir='ltr'><strong>et</strong></span> <span class='ocrx_word' id='word_1_284' title='bbox 586 3736 639 3793; x_wconf 76' lang='lat' dir='ltr'><strong>ego</strong></span> <span class='ocrx_word' id='word_1_285' title='bbox 655 3722 816 3778; x_wconf 81' lang='lat' dir='ltr'><strong>homocum</strong></span> <span class='ocrx_word' id='word_1_286' title='bbox 829 3718 883 3775; x_wconf 90' lang='lat' dir='ltr'><strong>sub</strong></span> <span class='ocrx_word' id='word_1_287' title='bbox 895 3733 944 3788; x_wconf 89' lang='lat' dir='ltr'><strong>po·</strong></span> 
     </span>
     <span class='ocr_line' id='line_1_40' title="bbox 86 3808 944 3881; baseline -0.003 -14"><span class='ocrx_word' id='word_1_288' title='bbox 86 3813 193 3867; x_wconf 88' lang='lat' dir='ltr'><strong>testata</strong></span> <span class='ocrx_word' id='word_1_289' title='bbox 215 3810 407 3881; x_wconf 88' lang='lat' dir='ltr'><strong>constitutus,</strong></span> <span class='ocrx_word' id='word_1_290' title='bbox 423 3808 537 3867; x_wconf 88' lang='lat' dir='ltr'><strong>babens</strong></span> <span class='ocrx_word' id='word_1_291' title='bbox 561 3811 616 3868; x_wconf 88' lang='lat' dir='ltr'><strong>sub</strong></span> <span class='ocrx_word' id='word_1_292' title='bbox 637 3829 682 3868; x_wconf 91' lang='lat' dir='ltr'><strong>me</strong></span> <span class='ocrx_word' id='word_1_293' title='bbox 698 3811 856 3879; x_wconf 89' lang='lat' dir='ltr'><strong>milites,et</strong></span> <span class='ocrx_word' id='word_1_294' title='bbox 879 3809 944 3865; x_wconf 89' lang='lat' dir='ltr'><strong>dico</strong></span> 
     </span>
     <span class='ocr_line' id='line_1_41' title="bbox 87 3899 945 3973; baseline 0 -17"><span class='ocrx_word' id='word_1_295' title='bbox 87 3899 300 3971; x_wconf 81' lang='lat' dir='ltr'><strong>hnic,llsde,et</strong></span> <span class='ocrx_word' id='word_1_296' title='bbox 314 3901 417 3972; x_wconf 81' lang='lat' dir='ltr'><strong>vadil3</strong></span> <span class='ocrx_word' id='word_1_297' title='bbox 434 3904 464 3959; x_wconf 90' lang='lat' dir='ltr'><strong>et</strong></span> <span class='ocrx_word' id='word_1_298' title='bbox 477 3901 558 3973; x_wconf 89' lang='lat' dir='ltr'><strong>huic,</strong></span> <span class='ocrx_word' id='word_1_299' title='bbox 573 3902 696 3972; x_wconf 88' lang='lat' dir='ltr'><strong>Veni,et</strong></span> <span class='ocrx_word' id='word_1_300' title='bbox 710 3901 802 3971; x_wconf 85' lang='lat' dir='ltr'><strong>venit;</strong></span> <span class='ocrx_word' id='word_1_301' title='bbox 814 3905 844 3959; x_wconf 90' lang='lat' dir='ltr'><strong>at</strong></span> <span class='ocrx_word' id='word_1_302' title='bbox 862 3915 945 3957; x_wconf 84' lang='lat' dir='ltr'><strong>serre</strong></span> 
     </span>
     <span class='ocr_line' id='line_1_42' title="bbox 88 3988 945 4063; baseline -0.002 -15"><span class='ocrx_word' id='word_1_303' title='bbox 88 4006 164 4059; x_wconf 90' lang='lat' dir='ltr'><strong>meo,</strong></span> <span class='ocrx_word' id='word_1_304' title='bbox 180 3993 237 4047; x_wconf 73' lang='lat' dir='ltr'><strong>llac</strong></span> <span class='ocrx_word' id='word_1_305' title='bbox 254 3989 320 4060; x_wconf 89' lang='lat' dir='ltr'><strong>hoe,</strong></span> <span class='ocrx_word' id='word_1_306' title='bbox 334 3994 365 4047; x_wconf 82' lang='lat' dir='ltr'><strong>et</strong></span> <span class='ocrx_word' id='word_1_307' title='bbox 384 3988 465 4047; x_wconf 90' lang='lat' dir='ltr'><strong>lacit.</strong></span> <span class='ocrx_word' id='word_1_308' title='bbox 480 3990 641 4050; x_wconf 82' lang='lat' dir='ltr'><strong>Conversus</strong></span> <span class='ocrx_word' id='word_1_309' title='bbox 666 3994 701 4050; x_wconf 93' lang='lat' dir='ltr'><strong>ad</strong></span> <span class='ocrx_word' id='word_1_310' title='bbox 718 4008 768 4050; x_wconf 85' lang='lat' dir='ltr'><strong>eos</strong></span> <span class='ocrx_word' id='word_1_311' title='bbox 789 3990 838 4063; x_wconf 88' lang='lat' dir='ltr'><strong>qui</strong></span> <span class='ocrx_word' id='word_1_312' title='bbox 854 4006 885 4047; x_wconf 91' lang='lat' dir='ltr'><strong>se</strong></span> <span class='ocrx_word' id='word_1_313' title='bbox 898 4006 945 4047; x_wconf 90' lang='lat' dir='ltr'><strong>se-</strong></span> 
     </span>
     <span class='ocr_line' id='line_1_43' title="bbox 86 4081 945 4154; baseline -0.002 -15"><span class='ocrx_word' id='word_1_314' title='bbox 86 4081 264 4154; x_wconf 75' lang='lat' dir='ltr'><strong>quebantur,</strong></span> <span class='ocrx_word' id='word_1_315' title='bbox 276 4081 361 4152; x_wconf 87' lang='lat' dir='ltr'><strong>dixit,</strong></span> <span class='ocrx_word' id='word_1_316' title='bbox 376 4084 466 4139; x_wconf 82' lang='lat' dir='ltr'><strong>Amen</strong></span> <span class='ocrx_word' id='word_1_317' title='bbox 487 4082 552 4141; x_wconf 91' lang='lat' dir='ltr'><strong>dico</strong></span> <span class='ocrx_word' id='word_1_318' title='bbox 575 4085 667 4154; x_wconf 86' lang='lat' dir='ltr'><strong>vobis,</strong></span> <span class='ocrx_word' id='word_1_319' title='bbox 684 4101 742 4142; x_wconf 91' lang='lat' dir='ltr'><strong>non</strong></span> <span class='ocrx_word' id='word_1_320' title='bbox 763 4083 860 4139; x_wconf 81' lang='lat' dir='ltr'><strong>inueni</strong></span> <span class='ocrx_word' id='word_1_321' title='bbox 879 4085 945 4137; x_wconf 91' lang='lat' dir='ltr'><strong>tan·</strong></span> 
     </span>
     <span class='ocr_line' id='line_1_44' title="bbox 88 4171 941 4238; baseline -0.002 -10"><span class='ocrx_word' id='word_1_322' title='bbox 88 4178 147 4230; x_wconf 90' lang='lat' dir='ltr'><strong>tam</strong></span> <span class='ocrx_word' id='word_1_323' title='bbox 158 4171 248 4229; x_wconf 88' lang='lat' dir='ltr'><strong>iidem</strong></span> <span class='ocrx_word' id='word_1_324' title='bbox 258 4171 290 4228; x_wconf 91' lang='lat' dir='ltr'><strong>iu</strong></span> <span class='ocrx_word' id='word_1_325' title='bbox 299 4171 398 4229; x_wconf 87' lang='lat' dir='ltr'><strong>lsrael.</strong></span> <span class='ocrx_word' id='word_1_326' title='bbox 410 4194 424 4224; x_wconf 84' lang='grc' dir='ltr'>η</span> <span class='ocrx_word' id='word_1_327' title='bbox 435 4171 530 4238; x_wconf 81' lang='lat' dir='ltr'><strong>Quare</strong></span> <span class='ocrx_word' id='word_1_328' title='bbox 541 4191 598 4231; x_wconf 88' lang='lat' dir='ltr'><strong>neu</strong></span> <span class='ocrx_word' id='word_1_329' title='bbox 609 4175 720 4234; x_wconf 84' lang='lat' dir='ltr'><strong>invenit</strong></span> <span class='ocrx_word' id='word_1_330' title='bbox 730 4178 842 4232; x_wconf 89' lang='lat' dir='ltr'><strong>tantam</strong></span> <span class='ocrx_word' id='word_1_331' title='bbox 853 4172 941 4227; x_wconf 92' lang='lat' dir='ltr'><strong>lldem</strong></span> 
     </span>
     <span class='ocr_line' id='line_1_45' title="bbox 86 4260 942 4338; baseline 0.011 -20"><span class='ocrx_word' id='word_1_332' title='bbox 86 4261 115 4319; x_wconf 90' lang='lat' dir='ltr'><strong>ln</strong></span> <span class='ocrx_word' id='word_1_333' title='bbox 140 4260 254 4319; x_wconf 76' lang='lat' dir='ltr'><strong>lsrael?</strong></span> <span class='ocrx_word' id='word_1_334' title='bbox 268 4261 342 4327; x_wconf 89' lang='lat' dir='ltr'><strong>Quia</strong></span> <span class='ocrx_word' id='word_1_335' title='bbox 363 4262 496 4335; x_wconf 82' lang='lat' dir='ltr'><strong>propheta</strong></span> <span class='ocrx_word' id='word_1_336' title='bbox 518 4263 656 4338; x_wconf 74' lang='lat' dir='ltr'><strong>inpetriri</strong></span> <span class='ocrx_word' id='word_1_337' title='bbox 679 4282 730 4322; x_wconf 85' lang='lat' dir='ltr'><strong>suo</strong></span> <span class='ocrx_word' id='word_1_338' title='bbox 743 4267 872 4323; x_wconf 73' lang='lat' dir='ltr'><strong>bonorem</strong></span> <span class='ocrx_word' id='word_1_339' title='bbox 887 4287 942 4330; x_wconf 82' lang='lat' dir='ltr'><strong>are</strong></span> 
     </span>
    </p>
   </div>
   <div class='ocr_carea' id='block_1_3' title="bbox 575 243 1248 317">
    <p class='ocr_par' dir='ltr' id='par_1_5' title="bbox 575 243 1248 317">
     <span class='ocr_line' id='line_1_46' title="bbox 575 243 1248 317; baseline 0.015 -15"><span class='ocrx_word' id='word_1_340' title='bbox 575 285 578 289; x_wconf 85' lang='lat'><em>-</em></span> <span class='ocrx_word' id='word_1_341' title='bbox 687 243 920 312; x_wconf 64' lang='lat' dir='ltr'><strong>aeternius</strong></span> <span class='ocrx_word' id='word_1_342' title='bbox 942 249 1021 316; x_wconf 80' lang='lat' dir='ltr'><strong>xvi.</strong></span> <span class='ocrx_word' id='word_1_343' title='bbox 1043 252 1175 317; x_wconf 78' lang='lat' dir='ltr'>CAPUT</span> <span class='ocrx_word' id='word_1_344' title='bbox 1196 250 1248 316; x_wconf 80' lang='lat' dir='ltr'><strong>lv.</strong></span> 
     </span>
    </p>
   </div>
   <div class='ocr_carea' id='block_1_4' title="bbox 1769 226 1849 308">
    <p class='ocr_par' dir='ltr' id='par_1_6' title="bbox 1769 226 1849 308">
     <span class='ocr_line' id='line_1_47' title="bbox 1769 226 1849 308; baseline 0.025 -2"><span class='ocrx_word' id='word_1_345' title='bbox 1769 226 1849 308; x_wconf 79' lang='lat' dir='ltr'><strong>risa</strong></span> 
     </span>
    </p>
   </div>
   <div class='ocr_carea' id='block_1_5' title="bbox 993 380 1850 1085">
    <p class='ocr_par' dir='ltr' id='par_1_7' title="bbox 993 380 1850 1085">
     <span class='ocr_line' id='line_1_48' title="bbox 994 380 1846 462; baseline -0.008 -18"><span class='ocrx_word' id='word_1_346' title='bbox 994 392 1025 446; x_wconf 88' lang='lat' dir='ltr'><strong>tu</strong></span> <span class='ocrx_word' id='word_1_347' title='bbox 1037 390 1073 448; x_wconf 91' lang='lat' dir='ltr'><strong>ds</strong></span> <span class='ocrx_word' id='word_1_348' title='bbox 1083 388 1176 462; x_wconf 79' lang='lat' dir='ltr'><strong>signis</strong></span> <span class='ocrx_word' id='word_1_349' title='bbox 1188 387 1305 444; x_wconf 89' lang='lat' dir='ltr'><strong>credere</strong></span> <span class='ocrx_word' id='word_1_350' title='bbox 1318 382 1467 442; x_wconf 88' lang='lat' dir='ltr'><strong>:centurio</strong></span> <span class='ocrx_word' id='word_1_351' title='bbox 1482 381 1648 454; x_wconf 79' lang='lat' dir='ltr'><strong>alienigena</strong></span> <span class='ocrx_word' id='word_1_352' title='bbox 1661 380 1784 439; x_wconf 86' lang='lat' dir='ltr'><strong>credidit</strong></span> <span class='ocrx_word' id='word_1_353' title='bbox 1800 394 1846 438; x_wconf 89' lang='lat' dir='ltr'><strong>me</strong></span> 
     </span>
     <span class='ocr_line' id='line_1_49' title="bbox 993 467 1845 548; baseline -0.012 -16"><span class='ocrx_word' id='word_1_354' title='bbox 993 493 1076 534; x_wconf 83' lang='lat' dir='ltr'><strong>verce</strong></span> <span class='ocrx_word' id='word_1_355' title='bbox 1102 494 1186 548; x_wconf 89' lang='lat' dir='ltr'><strong>possa</strong></span> <span class='ocrx_word' id='word_1_356' title='bbox 1211 477 1314 543; x_wconf 79' lang='lat' dir='ltr'><strong>lacere,</strong></span> <span class='ocrx_word' id='word_1_357' title='bbox 1331 479 1359 530; x_wconf 91' lang='lat' dir='ltr'><strong>et</strong></span> <span class='ocrx_word' id='word_1_358' title='bbox 1381 476 1535 543; x_wconf 85' lang='lat' dir='ltr'><strong>antequem</strong></span> <span class='ocrx_word' id='word_1_359' title='bbox 1561 469 1683 526; x_wconf 88' lang='lat' dir='ltr'><strong>lacerem</strong></span> <span class='ocrx_word' id='word_1_360' title='bbox 1706 467 1845 536; x_wconf 75' lang='lat' dir='ltr'><strong>credidil3</strong></span> 
     </span>
     <span class='ocr_line' id='line_1_50' title="bbox 995 557 1841 640; baseline -0.008 -19"><span class='ocrx_word' id='word_1_361' title='bbox 995 584 1055 634; x_wconf 88' lang='lat' dir='ltr'><strong>ros,</strong></span> <span class='ocrx_word' id='word_1_362' title='bbox 1075 571 1128 624; x_wconf 84' lang='lat' dir='ltr'><strong>nisi</strong></span> <span class='ocrx_word' id='word_1_363' title='bbox 1141 570 1221 640; x_wconf 80' lang='lat' dir='ltr'><strong>sipon</strong></span> <span class='ocrx_word' id='word_1_364' title='bbox 1235 574 1260 623; x_wconf 84' lang='lat' dir='ltr'><strong>et</strong></span> <span class='ocrx_word' id='word_1_365' title='bbox 1269 565 1395 637; x_wconf 82' lang='lat' dir='ltr'><strong>prodipio</strong></span> <span class='ocrx_word' id='word_1_366' title='bbox 1409 561 1546 632; x_wconf 78' lang='lat' dir='ltr'><strong>videritis,</strong></span> <span class='ocrx_word' id='word_1_367' title='bbox 1557 575 1613 615; x_wconf 82' lang='lat' dir='ltr'><strong>aon</strong></span> <span class='ocrx_word' id='word_1_368' title='bbox 1627 557 1751 615; x_wconf 82' lang='lat' dir='ltr'><strong>creditis.</strong></span> <span class='ocrx_word' id='word_1_369' title='bbox 1767 558 1841 629; x_wconf 78' lang='lat' dir='ltr'><strong>Ergo</strong></span> 
     </span>
     <span class='ocr_line' id='line_1_51' title="bbox 995 646 1849 728; baseline -0.013 -15"><span class='ocrx_word' id='word_1_370' title='bbox 995 658 1019 713; x_wconf 90' lang='lat' dir='ltr'><strong>si</strong></span> <span class='ocrx_word' id='word_1_371' title='bbox 1035 661 1075 714; x_wconf 90' lang='lat' dir='ltr'><strong>ita</strong></span> <span class='ocrx_word' id='word_1_372' title='bbox 1090 664 1143 725; x_wconf 83' lang='lat' dir='ltr'><strong>est,</strong></span> <span class='ocrx_word' id='word_1_373' title='bbox 1155 658 1326 728; x_wconf 75' lang='lat' dir='ltr'><strong>irrogantur</strong></span> <span class='ocrx_word' id='word_1_374' title='bbox 1336 652 1454 725; x_wconf 87' lang='lat' dir='ltr'><strong>superbi</strong></span> <span class='ocrx_word' id='word_1_375' title='bbox 1467 651 1551 719; x_wconf 83' lang='lat' dir='ltr'><strong>rami,</strong></span> <span class='ocrx_word' id='word_1_376' title='bbox 1563 649 1685 704; x_wconf 89' lang='lat' dir='ltr'><strong>hnmilis</strong></span> <span class='ocrx_word' id='word_1_377' title='bbox 1701 646 1849 703; x_wconf 85' lang='lat' dir='ltr'><strong>inseratur</strong></span> 
     </span>
     <span class='ocr_line' id='line_1_52' title="bbox 994 734 1849 810; baseline -0.014 -6"><span class='ocrx_word' id='word_1_378' title='bbox 994 746 1117 804; x_wconf 77' lang='lat' dir='ltr'><strong>oleaster</strong></span> <span class='ocrx_word' id='word_1_379' title='bbox 1133 765 1140 804; x_wconf 77' lang='grc' dir='ltr'>ί</span> <span class='ocrx_word' id='word_1_380' title='bbox 1158 754 1275 803; x_wconf 90' lang='lat' dir='ltr'><strong>maneat</strong></span> <span class='ocrx_word' id='word_1_381' title='bbox 1288 750 1385 800; x_wconf 87' lang='lat' dir='ltr'><strong>tamen</strong></span> <span class='ocrx_word' id='word_1_382' title='bbox 1400 742 1492 810; x_wconf 82' lang='lat' dir='ltr'><strong>radia,</strong></span> <span class='ocrx_word' id='word_1_383' title='bbox 1504 740 1563 796; x_wconf 90' lang='lat' dir='ltr'><strong>illis</strong></span> <span class='ocrx_word' id='word_1_384' title='bbox 1579 736 1719 810; x_wconf 78' lang='lat' dir='ltr'><strong>precisis,</strong></span> <span class='ocrx_word' id='word_1_385' title='bbox 1731 734 1795 792; x_wconf 88' lang='lat' dir='ltr'><strong>istis</strong></span> <span class='ocrx_word' id='word_1_386' title='bbox 1806 750 1849 792; x_wconf 85' lang='lat' dir='ltr'><strong>re·</strong></span> 
     </span>
     <span class='ocr_line' id='line_1_53' title="bbox 995 825 1848 908; baseline -0.015 -15"><span class='ocrx_word' id='word_1_387' title='bbox 995 839 1097 908; x_wconf 83' lang='lat' dir='ltr'><strong>ceptis.</strong></span> <span class='ocrx_word' id='word_1_388' title='bbox 1115 837 1168 894; x_wconf 88' lang='lat' dir='ltr'><strong>Ubi</strong></span> <span class='ocrx_word' id='word_1_389' title='bbox 1186 843 1284 892; x_wconf 89' lang='lat' dir='ltr'><strong>manet</strong></span> <span class='ocrx_word' id='word_1_390' title='bbox 1300 831 1402 889; x_wconf 83' lang='lat' dir='ltr'><strong>radixl</strong></span> <span class='ocrx_word' id='word_1_391' title='bbox 1417 831 1447 888; x_wconf 95' lang='lat' dir='ltr'><strong>ln</strong></span> <span class='ocrx_word' id='word_1_392' title='bbox 1465 828 1650 885; x_wconf 86' lang='lat' dir='ltr'><strong>Patrlarcbis.</strong></span> <span class='ocrx_word' id='word_1_393' title='bbox 1667 825 1778 882; x_wconf 76' lang='lat' dir='ltr'><strong>Etenim</strong></span> <span class='ocrx_word' id='word_1_394' title='bbox 1796 840 1848 897; x_wconf 85' lang='lat' dir='ltr'><strong>pa·</strong></span> 
     </span>
     <span class='ocr_line' id='line_1_54' title="bbox 995 912 1849 999; baseline -0.018 -16"><span class='ocrx_word' id='word_1_395' title='bbox 995 928 1049 983; x_wconf 88' lang='lat' dir='ltr'><strong>tria</strong></span> <span class='ocrx_word' id='word_1_396' title='bbox 1060 927 1165 984; x_wconf 85' lang='lat' dir='ltr'><strong>Christi</strong></span> <span class='ocrx_word' id='word_1_397' title='bbox 1179 927 1305 999; x_wconf 86' lang='lat' dir='ltr'><strong>populus</strong></span> <span class='ocrx_word' id='word_1_398' title='bbox 1319 920 1532 993; x_wconf 86' lang='lat' dir='ltr'><strong>lsrael,quiasx</strong></span> <span class='ocrx_word' id='word_1_399' title='bbox 1543 916 1586 974; x_wconf 91' lang='lat' dir='ltr'><strong>eis</strong></span> <span class='ocrx_word' id='word_1_400' title='bbox 1597 916 1675 974; x_wconf 86' lang='lat' dir='ltr'><strong>venit</strong></span> <span class='ocrx_word' id='word_1_401' title='bbox 1685 912 1849 972; x_wconf 89' lang='lat' dir='ltr'><strong>secundnm</strong></span> 
     </span>
     <span class='ocr_line' id='line_1_55' title="bbox 995 1005 1850 1085; baseline -0.019 -10"><span class='ocrx_word' id='word_1_402' title='bbox 995 1033 1131 1075; x_wconf 89' lang='lat' dir='ltr'><strong>earnem:</strong></span> <span class='ocrx_word' id='word_1_403' title='bbox 1147 1015 1198 1073; x_wconf 91' lang='lat' dir='ltr'><strong>sed</strong></span> <span class='ocrx_word' id='word_1_404' title='bbox 1213 1015 1301 1085; x_wconf 84' lang='lat' dir='ltr'><strong>hujus</strong></span> <span class='ocrx_word' id='word_1_405' title='bbox 1316 1012 1430 1070; x_wconf 88' lang='lat' dir='ltr'><strong>arboris</strong></span> <span class='ocrx_word' id='word_1_406' title='bbox 1445 1009 1535 1076; x_wconf 87' lang='lat' dir='ltr'><strong>radix,</strong></span> <span class='ocrx_word' id='word_1_407' title='bbox 1546 1005 1808 1076; x_wconf 77' lang='lat' dir='ltr'><strong>Abrsham,lsasc,</strong></span> <span class='ocrx_word' id='word_1_408' title='bbox 1820 1006 1850 1060; x_wconf 84' lang='lat' dir='ltr'><strong>et</strong></span> 
     </span>
    </p>
   </div>
   <div class='ocr_carea' id='block_1_6' title="bbox 994 1091 1961 1179">
    <p class='ocr_par' dir='ltr' id='par_1_8' title="bbox 994 1091 1961 1179">
     <span class='ocr_line' id='line_1_56' title="bbox 994 1091 1961 1179; baseline -0.022 -13"><span class='ocrx_word' id='word_1_409' title='bbox 994 1108 1095 1177; x_wconf 83' lang='lat' dir='ltr'><strong>Jacob,</strong></span> <span class='ocrx_word' id='word_1_410' title='bbox 1111 1107 1282 1179; x_wconf 74' lang='lat' dir='ltr'><strong>patriarche</strong></span> <span class='ocrx_word' id='word_1_411' title='bbox 1296 1102 1398 1161; x_wconf 88' lang='lat' dir='ltr'><strong>sancti.</strong></span> <span class='ocrx_word' id='word_1_412' title='bbox 1413 1101 1446 1157; x_wconf 80' lang='lat' dir='ltr'><strong>ut</strong></span> <span class='ocrx_word' id='word_1_413' title='bbox 1456 1099 1507 1157; x_wconf 93' lang='lat' dir='ltr'><strong>ubi</strong></span> <span class='ocrx_word' id='word_1_414' title='bbox 1518 1097 1590 1168; x_wconf 80' lang='lat' dir='ltr'><strong>istil</strong></span> <span class='ocrx_word' id='word_1_415' title='bbox 1608 1098 1639 1154; x_wconf 91' lang='lat' dir='ltr'><strong>lu</strong></span> <span class='ocrx_word' id='word_1_416' title='bbox 1654 1093 1759 1167; x_wconf 83' lang='lat' dir='ltr'><strong>requle.</strong></span> <span class='ocrx_word' id='word_1_417' title='bbox 1769 1091 1847 1164; x_wconf 88' lang='lat' dir='ltr'><strong>apud</strong></span> <span class='ocrx_word' id='word_1_418' title='bbox 1959 1112 1961 1117; x_wconf 95' lang='lat'>·</span> 
     </span>
    </p>
   </div>
   <div class='ocr_carea' id='block_1_7' title="bbox 994 1180 1889 4353">
    <p class='ocr_par' dir='ltr' id='par_1_9' title="bbox 994 1180 1849 1807">
     <span class='ocr_line' id='line_1_57' title="bbox 996 1180 1849 1265; baseline -0.02 -11"><span class='ocrx_word' id='word_1_419' title='bbox 996 1202 1097 1265; x_wconf 85' lang='lat' dir='ltr'><strong>Deum,</strong></span> <span class='ocrx_word' id='word_1_420' title='bbox 1114 1199 1142 1253; x_wconf 91' lang='lat' dir='ltr'><strong>in</strong></span> <span class='ocrx_word' id='word_1_421' title='bbox 1158 1195 1268 1251; x_wconf 88' lang='lat' dir='ltr'><strong>honore</strong></span> <span class='ocrx_word' id='word_1_422' title='bbox 1284 1207 1390 1265; x_wconf 82' lang='lat' dir='ltr'><strong>magno</strong></span> <span class='ocrx_word' id='word_1_423' title='bbox 1405 1206 1413 1248; x_wconf 78' lang='grc' dir='ltr'><strong>ι</strong></span> <span class='ocrx_word' id='word_1_424' title='bbox 1429 1194 1462 1246; x_wconf 90' lang='lat' dir='ltr'><strong>nt</strong></span> <span class='ocrx_word' id='word_1_425' title='bbox 1474 1188 1505 1245; x_wconf 89' lang='lat' dir='ltr'><strong>in</strong></span> <span class='ocrx_word' id='word_1_426' title='bbox 1521 1185 1642 1244; x_wconf 75' lang='lat' dir='ltr'><strong>Abrahae</strong></span> <span class='ocrx_word' id='word_1_427' title='bbox 1658 1184 1757 1241; x_wconf 87' lang='lat' dir='ltr'><strong>sinum</strong></span> <span class='ocrx_word' id='word_1_428' title='bbox 1768 1180 1849 1253; x_wconf 76' lang='lat' dir='ltr'><strong>adlu-</strong></span> 
     </span>
     <span class='ocr_line' id='line_1_58' title="bbox 994 1274 1848 1358; baseline -0.021 -13"><span class='ocrx_word' id='word_1_429' title='bbox 994 1292 1043 1345; x_wconf 88' lang='lat' dir='ltr'><strong>tus</strong></span> <span class='ocrx_word' id='word_1_430' title='bbox 1058 1290 1066 1325; x_wconf 84' lang='lat'><strong>¹</strong></span> <span class='ocrx_word' id='word_1_431' title='bbox 1081 1287 1131 1344; x_wconf 91' lang='lat' dir='ltr'><strong>ille</strong></span> <span class='ocrx_word' id='word_1_432' title='bbox 1156 1301 1266 1358; x_wconf 83' lang='lat' dir='ltr'><strong>pauper</strong></span> <span class='ocrx_word' id='word_1_433' title='bbox 1290 1286 1357 1355; x_wconf 90' lang='lat' dir='ltr'><strong>post</strong></span> <span class='ocrx_word' id='word_1_434' title='bbox 1370 1279 1501 1353; x_wconf 87' lang='lat' dir='ltr'><strong>corporis</strong></span> <span class='ocrx_word' id='word_1_435' title='bbox 1525 1278 1633 1336; x_wconf 89' lang='lat' dir='ltr'><strong>exitum</strong></span> <span class='ocrx_word' id='word_1_436' title='bbox 1650 1275 1803 1343; x_wconf 83' lang='lat' dir='ltr'><strong>levaretur,</strong></span> <span class='ocrx_word' id='word_1_437' title='bbox 1818 1274 1848 1327; x_wconf 87' lang='lat' dir='ltr'><strong>et</strong></span> 
     </span>
     <span class='ocr_line' id='line_1_59' title="bbox 996 1362 1847 1445; baseline -0.022 -9"><span class='ocrx_word' id='word_1_438' title='bbox 996 1382 1025 1437; x_wconf 93' lang='lat' dir='ltr'><strong>in</strong></span> <span class='ocrx_word' id='word_1_439' title='bbox 1041 1376 1164 1435; x_wconf 77' lang='lat' dir='ltr'><strong>Abrahae</strong></span> <span class='ocrx_word' id='word_1_440' title='bbox 1176 1377 1243 1433; x_wconf 90' lang='lat' dir='ltr'><strong>sinu</strong></span> <span class='ocrx_word' id='word_1_441' title='bbox 1253 1376 1289 1430; x_wconf 91' lang='lat' dir='ltr'><strong>de</strong></span> <span class='ocrx_word' id='word_1_442' title='bbox 1302 1371 1463 1445; x_wconf 80' lang='lat' dir='ltr'><strong>longinquo</strong></span> <span class='ocrx_word' id='word_1_443' title='bbox 1474 1388 1490 1426; x_wconf 93' lang='lat' dir='ltr'><strong>a</strong></span> <span class='ocrx_word' id='word_1_444' title='bbox 1501 1366 1625 1440; x_wconf 91' lang='lat' dir='ltr'><strong>superbo</strong></span> <span class='ocrx_word' id='word_1_445' title='bbox 1635 1364 1726 1422; x_wconf 89' lang='lat' dir='ltr'><strong>divite</strong></span> <span class='ocrx_word' id='word_1_446' title='bbox 1736 1362 1847 1421; x_wconf 82' lang='lat' dir='ltr'><strong>videre·</strong></span> 
     </span>
     <span class='ocr_line' id='line_1_60' title="bbox 996 1456 1848 1548; baseline -0.023 -15"><span class='ocrx_word' id='word_1_447' title='bbox 996 1480 1043 1533; x_wconf 93' lang='lat' dir='ltr'><strong>tur</strong></span> <span class='ocrx_word' id='word_1_448' title='bbox 1057 1476 1133 1548; x_wconf 82' lang='lat' dir='ltr'><strong>(tac.</strong></span> <span class='ocrx_word' id='word_1_449' title='bbox 1149 1490 1206 1540; x_wconf 79' lang='lat' dir='ltr'><strong>avr,</strong></span> <span class='ocrx_word' id='word_1_450' title='bbox 1222 1472 1267 1537; x_wconf 80' lang='lat'><strong>22,</strong></span> <span class='ocrx_word' id='word_1_451' title='bbox 1283 1470 1341 1539; x_wconf 81' lang='lat'><strong>23).</strong></span> <span class='ocrx_word' id='word_1_452' title='bbox 1358 1467 1431 1536; x_wconf 77' lang='lat' dir='ltr'><strong>lirgo</strong></span> <span class='ocrx_word' id='word_1_453' title='bbox 1442 1465 1524 1522; x_wconf 87' lang='lat' dir='ltr'><strong>radix</strong></span> <span class='ocrx_word' id='word_1_454' title='bbox 1539 1466 1646 1531; x_wconf 87' lang='lat' dir='ltr'><strong>manet,</strong></span> <span class='ocrx_word' id='word_1_455' title='bbox 1658 1458 1740 1516; x_wconf 89' lang='lat' dir='ltr'><strong>radix</strong></span> <span class='ocrx_word' id='word_1_456' title='bbox 1748 1456 1848 1516; x_wconf 87' lang='lat' dir='ltr'><strong>lauda·</strong></span> 
     </span>
     <span class='ocr_line' id='line_1_61' title="bbox 995 1556 1848 1634; baseline -0.023 -8"><span class='ocrx_word' id='word_1_457' title='bbox 995 1573 1044 1626; x_wconf 89' lang='lat' dir='ltr'><strong>tur</strong></span> <span class='ocrx_word' id='word_1_458' title='bbox 1059 1583 1066 1626; x_wconf 91' lang='lat'>:</span> <span class='ocrx_word' id='word_1_459' title='bbox 1084 1567 1134 1624; x_wconf 86' lang='lat' dir='ltr'><strong>sed</strong></span> <span class='ocrx_word' id='word_1_460' title='bbox 1155 1564 1230 1622; x_wconf 89' lang='lat' dir='ltr'><strong>rami</strong></span> <span class='ocrx_word' id='word_1_461' title='bbox 1244 1560 1360 1634; x_wconf 89' lang='lat' dir='ltr'><strong>superbi</strong></span> <span class='ocrx_word' id='word_1_462' title='bbox 1376 1564 1403 1616; x_wconf 90' lang='lat' dir='ltr'><strong>et</strong></span> <span class='ocrx_word' id='word_1_463' title='bbox 1419 1556 1536 1632; x_wconf 79' lang='lat' dir='ltr'><strong>presidi</strong></span> <span class='ocrx_word' id='word_1_464' title='bbox 1551 1560 1720 1612; x_wconf 88' lang='lat' dir='ltr'><strong>clarescere</strong></span> <span class='ocrx_word' id='word_1_465' title='bbox 1734 1563 1848 1609; x_wconf 85' lang='lat' dir='ltr'><strong>merus·</strong></span> 
     </span>
     <span class='ocr_line' id='line_1_62' title="bbox 996 1639 1849 1727; baseline -0.025 -11"><span class='ocrx_word' id='word_1_466' title='bbox 996 1667 1079 1727; x_wconf 86' lang='lat' dir='ltr'><strong>runl;</strong></span> <span class='ocrx_word' id='word_1_467' title='bbox 1093 1649 1451 1714; x_wconf 88' lang='lat' dir='ltr'><strong>oleasteraotemhumilis</strong></span> <span class='ocrx_word' id='word_1_468' title='bbox 1460 1646 1576 1707; x_wconf 90' lang='lat' dir='ltr'><strong>illorum</strong></span> <span class='ocrx_word' id='word_1_469' title='bbox 1588 1643 1759 1719; x_wconf 79' lang='lat' dir='ltr'><strong>precisioue</strong></span> <span class='ocrx_word' id='word_1_470' title='bbox 1768 1639 1849 1697; x_wconf 84' lang='lat' dir='ltr'><strong>lurs-</strong></span> 
     </span>
     <span class='ocr_line' id='line_1_63' title="bbox 996 1749 1155 1807; baseline -0.025 0"><span class='ocrx_word' id='word_1_471' title='bbox 996 1749 1155 1807; x_wconf 87' lang='lat' dir='ltr'><strong>nitlocum.</strong></span> 
     </span>
    </p>

    <p class='ocr_par' dir='ltr' id='par_1_10' title="bbox 994 1819 1889 3715">
     <span class='ocr_line' id='line_1_64' title="bbox 1032 1819 1850 1909; baseline -0.026 -12"><span class='ocrx_word' id='word_1_472' title='bbox 1032 1842 1059 1896; x_wconf 81' lang='lat' dir='ltr'><strong>b.</strong></span> <span class='ocrx_word' id='word_1_473' title='bbox 1074 1838 1150 1896; x_wconf 75' lang='lat' dir='ltr'><strong>Audi</strong></span> <span class='ocrx_word' id='word_1_474' title='bbox 1161 1852 1230 1909; x_wconf 82' lang='lat' dir='ltr'><strong>ergo</strong></span> <span class='ocrx_word' id='word_1_475' title='bbox 1245 1832 1494 1907; x_wconf 88' lang='lat' dir='ltr'><strong>quemadmodum</strong></span> <span class='ocrx_word' id='word_1_476' title='bbox 1510 1827 1708 1902; x_wconf 77' lang='lat' dir='ltr'><strong>precidamur</strong></span> <span class='ocrx_word' id='word_1_477' title='bbox 1718 1819 1791 1880; x_wconf 85' lang='lat' dir='ltr'><strong>remi</strong></span> <span class='ocrx_word' id='word_1_478' title='bbox 1802 1835 1850 1877; x_wconf 88' lang='lat' dir='ltr'><strong>na·</strong></span> 
     </span>
     <span class='ocr_line' id='line_1_65' title="bbox 995 1908 1849 1999; baseline -0.025 -14"><span class='ocrx_word' id='word_1_479' title='bbox 995 1928 1117 1998; x_wconf 88' lang='lat' dir='ltr'><strong>turales,</strong></span> <span class='ocrx_word' id='word_1_480' title='bbox 1138 1924 1388 1999; x_wconf 87' lang='lat' dir='ltr'><strong>quamadmodum</strong></span> <span class='ocrx_word' id='word_1_481' title='bbox 1410 1920 1556 1978; x_wconf 85' lang='lat' dir='ltr'><strong>inseratur</strong></span> <span class='ocrx_word' id='word_1_482' title='bbox 1578 1917 1714 1982; x_wconf 85' lang='lat' dir='ltr'><strong>oleaster,</strong></span> <span class='ocrx_word' id='word_1_483' title='bbox 1729 1927 1763 1969; x_wconf 89' lang='lat' dir='ltr'><strong>ex</strong></span> <span class='ocrx_word' id='word_1_484' title='bbox 1786 1908 1849 1981; x_wconf 88' lang='lat' dir='ltr'><strong>ipso</strong></span> 
     </span>
     <span class='ocr_line' id='line_1_66' title="bbox 994 2005 1851 2091; baseline -0.02 -14"><span class='ocrx_word' id='word_1_485' title='bbox 994 2021 1174 2087; x_wconf 83' lang='lat' dir='ltr'><strong>centurione,</strong></span> <span class='ocrx_word' id='word_1_486' title='bbox 1190 2034 1276 2091; x_wconf 88' lang='lat' dir='ltr'><strong>quern</strong></span> <span class='ocrx_word' id='word_1_487' title='bbox 1303 2019 1418 2088; x_wconf 88' lang='lat' dir='ltr'><strong>propter</strong></span> <span class='ocrx_word' id='word_1_488' title='bbox 1439 2009 1684 2085; x_wconf 88' lang='lat' dir='ltr'><strong>comparationem</strong></span> <span class='ocrx_word' id='word_1_489' title='bbox 1702 2005 1789 2077; x_wconf 85' lang='lat' dir='ltr'><strong>hujns</strong></span> <span class='ocrx_word' id='word_1_490' title='bbox 1803 2019 1851 2061; x_wconf 86' lang='lat' dir='ltr'><strong>re—</strong></span> 
     </span>
     <span class='ocr_line' id='line_1_67' title="bbox 996 2094 1850 2184; baseline -0.019 -18"><span class='ocrx_word' id='word_1_491' title='bbox 996 2111 1055 2184; x_wconf 84' lang='lat' dir='ltr'><strong>guli</strong></span> <span class='ocrx_word' id='word_1_492' title='bbox 1073 2107 1364 2167; x_wconf 85' lang='lat' dir='ltr'><strong>commemorandum</strong></span> <span class='ocrx_word' id='word_1_493' title='bbox 1380 2102 1488 2177; x_wconf 83' lang='lat' dir='ltr'><strong>putavi.</strong></span> <span class='ocrx_word' id='word_1_494' title='bbox 1505 2103 1601 2166; x_wconf 78' lang='lat' dir='ltr'><strong>Antea,</strong></span> <span class='ocrx_word' id='word_1_495' title='bbox 1614 2094 1850 2170; x_wconf 70' lang='lat' dir='ltr'><strong>inquitisum·</strong></span> 
     </span>
     <span class='ocr_line' id='line_1_68' title="bbox 998 2182 1851 2268; baseline -0.021 -12"><span class='ocrx_word' id='word_1_496' title='bbox 998 2202 1049 2268; x_wconf 80' lang='lat' dir='ltr'><strong>bra,</strong></span> <span class='ocrx_word' id='word_1_497' title='bbox 1064 2216 1118 2255; x_wconf 80' lang='lat' dir='ltr'><strong>eurr</strong></span> <span class='ocrx_word' id='word_1_498' title='bbox 1134 2198 1351 2255; x_wconf 76' lang='lat' dir='ltr'><strong>invenientem</strong></span> <span class='ocrx_word' id='word_1_499' title='bbox 1365 2192 1446 2264; x_wconf 73' lang='lat' dir='ltr'><strong>fidem</strong></span> <span class='ocrx_word' id='word_1_500' title='bbox 1461 2194 1491 2246; x_wconf 83' lang='lat' dir='ltr'><strong>in</strong></span> <span class='ocrx_word' id='word_1_501' title='bbox 1501 2188 1603 2246; x_wconf 74' lang='lat' dir='ltr'><strong>lsrael:</strong></span> <span class='ocrx_word' id='word_1_502' title='bbox 1623 2194 1765 2259; x_wconf 82' lang='lat' dir='ltr'><strong>propterea</strong></span> <span class='ocrx_word' id='word_1_503' title='bbox 1787 2182 1851 2239; x_wconf 80' lang='lat' dir='ltr'><strong>dicu</strong></span> 
     </span>
     <span class='ocr_line' id='line_1_69' title="bbox 998 2272 1859 2361; baseline -0.023 -15"><span class='ocrx_word' id='word_1_504' title='bbox 998 2292 1083 2355; x_wconf 82' lang='lat' dir='ltr'><strong>vobis,</strong></span> <span class='ocrx_word' id='word_1_505' title='bbox 1099 2289 1164 2361; x_wconf 78' lang='lat' dir='ltr'><strong>quia</strong></span> <span class='ocrx_word' id='word_1_506' title='bbox 1178 2287 1260 2343; x_wconf 87' lang='lat' dir='ltr'><strong>malti</strong></span> <span class='ocrx_word' id='word_1_507' title='bbox 1274 2285 1309 2340; x_wconf 88' lang='lat' dir='ltr'><strong>ab</strong></span> <span class='ocrx_word' id='word_1_508' title='bbox 1319 2285 1424 2339; x_wconf 82' lang='lat' dir='ltr'><strong>oriente</strong></span> <span class='ocrx_word' id='word_1_509' title='bbox 1433 2288 1460 2338; x_wconf 86' lang='lat' dir='ltr'><strong>et</strong></span> <span class='ocrx_word' id='word_1_510' title='bbox 1469 2278 1619 2337; x_wconf 83' lang='lat' dir='ltr'><strong>occidente.</strong></span> <span class='ocrx_word' id='word_1_511' title='bbox 1631 2275 1722 2341; x_wconf 88' lang='lat' dir='ltr'><strong>Quam</strong></span> <span class='ocrx_word' id='word_1_512' title='bbox 1733 2272 1790 2329; x_wconf 88' lang='lat' dir='ltr'><strong>lats</strong></span> <span class='ocrx_word' id='word_1_513' title='bbox 1800 2276 1859 2327; x_wconf 89' lang='lat' dir='ltr'><strong>ter·</strong></span> 
     </span>
     <span class='ocr_line' id='line_1_70' title="bbox 999 2358 1889 2449; baseline -0.022 -13"><span class='ocrx_word' id='word_1_514' title='bbox 999 2358 1856 2449; x_wconf 77' lang='lat' dir='ltr'><strong>ramuccupareratoleaster!Amaraailramunduahiciultt</strong></span> <span class='ocrx_word' id='word_1_515' title='bbox 1886 2394 1889 2399; x_wconf 34' lang='grc' dir='ltr'><strong><em>ι</em></strong></span> 
     </span>
     <span class='ocr_line' id='line_1_71' title="bbox 999 2450 1858 2540; baseline -0.023 -15"><span class='ocrx_word' id='word_1_516' title='bbox 999 2469 1051 2525; x_wconf 85' lang='lat' dir='ltr'><strong>aed</strong></span> <span class='ocrx_word' id='word_1_517' title='bbox 1072 2477 1187 2540; x_wconf 90' lang='lat' dir='ltr'><strong>propter</strong></span> <span class='ocrx_word' id='word_1_518' title='bbox 1203 2465 1414 2532; x_wconf 87' lang='lat' dir='ltr'><strong>humilitatem,</strong></span> <span class='ocrx_word' id='word_1_519' title='bbox 1431 2465 1547 2533; x_wconf 87' lang='lat' dir='ltr'><strong>propter</strong></span> <span class='ocrx_word' id='word_1_520' title='bbox 1561 2457 1620 2514; x_wconf 82' lang='lat' dir='ltr'><strong>Nori</strong></span> <span class='ocrx_word' id='word_1_521' title='bbox 1633 2470 1695 2511; x_wconf 84' lang='lat' dir='ltr'><strong>sum</strong></span> <span class='ocrx_word' id='word_1_522' title='bbox 1709 2453 1812 2521; x_wconf 75' lang='lat' dir='ltr'><strong>diones</strong></span> <span class='ocrx_word' id='word_1_523' title='bbox 1826 2450 1858 2505; x_wconf 84' lang='lat' dir='ltr'><strong>ut</strong></span> 
     </span>
     <span class='ocr_line' id='line_1_72' title="bbox 1000 2536 1857 2618; baseline -0.023 -4"><span class='ocrx_word' id='word_1_524' title='bbox 1000 2558 1050 2613; x_wconf 76' lang='lat' dir='ltr'><strong>sol</strong></span> <span class='ocrx_word' id='word_1_525' title='bbox 1065 2562 1165 2613; x_wconf 82' lang='lat' dir='ltr'><strong>tectam</strong></span> <span class='ocrx_word' id='word_1_526' title='bbox 1185 2571 1276 2613; x_wconf 86' lang='lat' dir='ltr'><strong>meum</strong></span> <span class='ocrx_word' id='word_1_527' title='bbox 1303 2556 1398 2618; x_wconf 82' lang='lat' dir='ltr'><strong>intres,</strong></span> <span class='ocrx_word' id='word_1_528' title='bbox 1414 2547 1493 2606; x_wconf 81' lang='lat' dir='ltr'><strong>llulta&#39;</strong></span> <span class='ocrx_word' id='word_1_529' title='bbox 1513 2547 1546 2603; x_wconf 85' lang='lat' dir='ltr'><strong>ab</strong></span> <span class='ocrx_word' id='word_1_530' title='bbox 1560 2544 1666 2602; x_wconf 76' lang='lat' dir='ltr'><strong>oriente</strong></span> <span class='ocrx_word' id='word_1_531' title='bbox 1677 2550 1703 2601; x_wconf 87' lang='lat' dir='ltr'><strong>et</strong></span> <span class='ocrx_word' id='word_1_532' title='bbox 1714 2536 1857 2598; x_wconf 77' lang='lat' dir='ltr'><strong>occidente</strong></span> 
     </span>
     <span class='ocr_line' id='line_1_73' title="bbox 1000 2626 1858 2719; baseline -0.024 -16"><span class='ocrx_word' id='word_1_533' title='bbox 1000 2647 1120 2705; x_wconf 72' lang='lat' dir='ltr'><strong>veniam.</strong></span> <span class='ocrx_word' id='word_1_534' title='bbox 1138 2648 1171 2703; x_wconf 81' lang='lat' dir='ltr'><strong>ut</strong></span> <span class='ocrx_word' id='word_1_535' title='bbox 1195 2652 1265 2719; x_wconf 88' lang='lat' dir='ltr'><strong>puta</strong></span> <span class='ocrx_word' id='word_1_536' title='bbox 1280 2644 1349 2717; x_wconf 88' lang='lat' dir='ltr'><strong>quia</strong></span> <span class='ocrx_word' id='word_1_537' title='bbox 1373 2641 1514 2698; x_wconf 87' lang='lat' dir='ltr'><strong>venient:</strong></span> <span class='ocrx_word' id='word_1_538' title='bbox 1533 2637 1603 2709; x_wconf 90' lang='lat' dir='ltr'><strong>quid</strong></span> <span class='ocrx_word' id='word_1_539' title='bbox 1619 2636 1655 2691; x_wconf 91' lang='lat' dir='ltr'><strong>de</strong></span> <span class='ocrx_word' id='word_1_540' title='bbox 1670 2630 1728 2689; x_wconf 88' lang='lat' dir='ltr'><strong>illis</strong></span> <span class='ocrx_word' id='word_1_541' title='bbox 1739 2627 1812 2686; x_wconf 86' lang='lat' dir='ltr'><strong>ilet‘l</strong></span> <span class='ocrx_word' id='word_1_542' title='bbox 1826 2626 1858 2683; x_wconf 81' lang='lat' dir='ltr'><strong>st</strong></span> 
     </span>
     <span class='ocr_line' id='line_1_74' title="bbox 1000 2717 1859 2809; baseline -0.023 -14"><span class='ocrx_word' id='word_1_543' title='bbox 1000 2740 1078 2796; x_wconf 89' lang='lat' dir='ltr'><strong>enim</strong></span> <span class='ocrx_word' id='word_1_544' title='bbox 1093 2738 1285 2809; x_wconf 83' lang='lat' dir='ltr'><strong>uenient,jam</strong></span> <span class='ocrx_word' id='word_1_545' title='bbox 1297 2734 1412 2808; x_wconf 81' lang='lat' dir='ltr'><strong>precisi</strong></span> <span class='ocrx_word' id='word_1_546' title='bbox 1424 2735 1495 2790; x_wconf 90' lang='lat' dir='ltr'><strong>eunt</strong></span> <span class='ocrx_word' id='word_1_547' title='bbox 1507 2732 1542 2786; x_wconf 89' lang='lat' dir='ltr'><strong>de</strong></span> <span class='ocrx_word' id='word_1_548' title='bbox 1552 2725 1641 2784; x_wconf 75' lang='lat' dir='ltr'><strong>bilta:</strong></span> <span class='ocrx_word' id='word_1_549' title='bbox 1650 2723 1701 2781; x_wconf 93' lang='lat' dir='ltr'><strong>ubi</strong></span> <span class='ocrx_word' id='word_1_550' title='bbox 1711 2717 1859 2779; x_wconf 87' lang='lat' dir='ltr'><strong>inserendi</strong></span> 
     </span>
     <span class='ocr_line' id='line_1_75' title="bbox 1001 2812 1857 2900; baseline -0.022 -12"><span class='ocrx_word' id='word_1_551' title='bbox 1001 2837 1080 2900; x_wconf 89' lang='lat' dir='ltr'><strong>sunt,</strong></span> <span class='ocrx_word' id='word_1_552' title='bbox 1097 2848 1133 2888; x_wconf 92' lang='lat' dir='ltr'><strong>ne</strong></span> <span class='ocrx_word' id='word_1_553' title='bbox 1157 2827 1356 2887; x_wconf 79' lang='lat' dir='ltr'><strong>arescantllit</strong></span> <span class='ocrx_word' id='word_1_554' title='bbox 1373 2822 1539 2885; x_wconf 83' lang='lat' dir='ltr'><strong>recumbent,</strong></span> <span class='ocrx_word' id='word_1_555' title='bbox 1561 2816 1668 2892; x_wconf 90' lang='lat' dir='ltr'><strong>inquit,</strong></span> <span class='ocrx_word' id='word_1_556' title='bbox 1682 2831 1745 2873; x_wconf 86' lang='lat' dir='ltr'><strong>carm</strong></span> <span class='ocrx_word' id='word_1_557' title='bbox 1770 2812 1857 2869; x_wconf 79' lang='lat' dir='ltr'><strong>Abru-</strong></span> 
     </span>
     <span class='ocr_line' id='line_1_76' title="bbox 1001 2906 1857 2994; baseline -0.026 -15"><span class='ocrx_word' id='word_1_558' title='bbox 1001 2922 1076 2994; x_wconf 83' lang='lat' dir='ltr'><strong>lrum,</strong></span> <span class='ocrx_word' id='word_1_559' title='bbox 1090 2927 1115 2980; x_wconf 87' lang='lat' dir='ltr'><strong>et</strong></span> <span class='ocrx_word' id='word_1_560' title='bbox 1128 2924 1213 2990; x_wconf 83' lang='lat' dir='ltr'><strong>lause,</strong></span> <span class='ocrx_word' id='word_1_561' title='bbox 1229 2919 1354 2976; x_wconf 82' lang='lat' dir='ltr'><strong>etlorob.</strong></span> <span class='ocrx_word' id='word_1_562' title='bbox 1372 2915 1404 2971; x_wconf 94' lang='lat' dir='ltr'><strong>ln</strong></span> <span class='ocrx_word' id='word_1_563' title='bbox 1421 2930 1477 2988; x_wconf 89' lang='lat' dir='ltr'><strong>quo</strong></span> <span class='ocrx_word' id='word_1_564' title='bbox 1493 2909 1643 2977; x_wconf 84' lang='lat' dir='ltr'><strong>convivia;</strong></span> <span class='ocrx_word' id='word_1_565' title='bbox 1660 2920 1696 2965; x_wconf 91' lang='lat' dir='ltr'><strong>ne</strong></span> <span class='ocrx_word' id='word_1_566' title='bbox 1711 2906 1784 2963; x_wconf 87' lang='lat' dir='ltr'><strong>lorte</strong></span> <span class='ocrx_word' id='word_1_567' title='bbox 1798 2915 1857 2959; x_wconf 89' lang='lat' dir='ltr'><strong>nen</strong></span> 
     </span>
     <span class='ocr_line' id='line_1_77' title="bbox 1001 2995 1857 3082; baseline -0.025 -12"><span class='ocrx_word' id='word_1_568' title='bbox 1001 3015 1156 3071; x_wconf 83' lang='lat' dir='ltr'><strong>invitusad</strong></span> <span class='ocrx_word' id='word_1_569' title='bbox 1175 3027 1289 3082; x_wconf 83' lang='lat' dir='ltr'><strong>semper</strong></span> <span class='ocrx_word' id='word_1_570' title='bbox 1304 3008 1471 3073; x_wconf 81' lang='lat' dir='ltr'><strong>vivendum,</strong></span> <span class='ocrx_word' id='word_1_571' title='bbox 1487 3004 1538 3061; x_wconf 92' lang='lat' dir='ltr'><strong>aed</strong></span> <span class='ocrx_word' id='word_1_572' title='bbox 1554 3002 1590 3058; x_wconf 90' lang='lat' dir='ltr'><strong>ad</strong></span> <span class='ocrx_word' id='word_1_573' title='bbox 1611 2998 1737 3056; x_wconf 89' lang='lat' dir='ltr'><strong>multum</strong></span> <span class='ocrx_word' id='word_1_574' title='bbox 1753 2995 1857 3052; x_wconf 88' lang='lat' dir='ltr'><strong>biben-</strong></span> 
     </span>
     <span class='ocr_line' id='line_1_78' title="bbox 1002 3082 1854 3160; baseline -0.021 -2"><span class='ocrx_word' id='word_1_575' title='bbox 1002 3103 1096 3160; x_wconf 82' lang='lat' dir='ltr'><strong>dum?</strong></span> <span class='ocrx_word' id='word_1_576' title='bbox 1125 3104 1285 3159; x_wconf 77' lang='lat' dir='ltr'><strong>heremberti</strong></span> <span class='ocrx_word' id='word_1_577' title='bbox 1309 3115 1371 3154; x_wconf 87' lang='lat' dir='ltr'><strong>rum</strong></span> <span class='ocrx_word' id='word_1_578' title='bbox 1394 3096 1544 3159; x_wconf 79' lang='lat' dir='ltr'><strong>Abraham,</strong></span> <span class='ocrx_word' id='word_1_579' title='bbox 1559 3101 1586 3147; x_wconf 82' lang='lat' dir='ltr'><strong>et</strong></span> <span class='ocrx_word' id='word_1_580' title='bbox 1605 3091 1695 3157; x_wconf 80' lang='lat' dir='ltr'><strong>lause,</strong></span> <span class='ocrx_word' id='word_1_581' title='bbox 1714 3095 1739 3145; x_wconf 84' lang='lat' dir='ltr'><strong>et</strong></span> <span class='ocrx_word' id='word_1_582' title='bbox 1762 3082 1854 3141; x_wconf 79' lang='lat' dir='ltr'><strong>Jacob.</strong></span> 
     </span>
     <span class='ocr_line' id='line_1_79' title="bbox 1002 3174 1856 3266; baseline -0.026 -15"><span class='ocrx_word' id='word_1_583' title='bbox 1002 3194 1078 3251; x_wconf 85' lang='lat' dir='ltr'><strong>Ubi‘l</strong></span> <span class='ocrx_word' id='word_1_584' title='bbox 1093 3195 1124 3250; x_wconf 76' lang='lat' dir='ltr'><strong>ln</strong></span> <span class='ocrx_word' id='word_1_585' title='bbox 1145 3210 1240 3266; x_wconf 82' lang='lat' dir='ltr'><strong>repas,</strong></span> <span class='ocrx_word' id='word_1_586' title='bbox 1257 3191 1361 3263; x_wconf 86' lang='lat' dir='ltr'><strong>lnquit,</strong></span> <span class='ocrx_word' id='word_1_587' title='bbox 1385 3188 1523 3244; x_wconf 76' lang='lat' dir='ltr'><strong>selorum.</strong></span> <span class='ocrx_word' id='word_1_588' title='bbox 1536 3183 1570 3238; x_wconf 76' lang='lat' dir='ltr'><strong>ut</strong></span> <span class='ocrx_word' id='word_1_589' title='bbox 1585 3181 1653 3254; x_wconf 86' lang='lat' dir='ltr'><strong>quid</strong></span> <span class='ocrx_word' id='word_1_590' title='bbox 1678 3177 1732 3236; x_wconf 90' lang='lat' dir='ltr'><strong>erit</strong></span> <span class='ocrx_word' id='word_1_591' title='bbox 1747 3177 1782 3232; x_wconf 92' lang='lat' dir='ltr'><strong>de</strong></span> <span class='ocrx_word' id='word_1_592' title='bbox 1796 3174 1856 3231; x_wconf 91' lang='lat' dir='ltr'><strong>illls</strong></span> 
     </span>
     <span class='ocr_line' id='line_1_80' title="bbox 1002 3262 1856 3356; baseline -0.029 -14"><span class='ocrx_word' id='word_1_593' title='bbox 1002 3284 1052 3356; x_wconf 81' lang='lat' dir='ltr'><strong>qui</strong></span> <span class='ocrx_word' id='word_1_594' title='bbox 1065 3289 1208 3341; x_wconf 87' lang='lat' dir='ltr'><strong>venerunt</strong></span> <span class='ocrx_word' id='word_1_595' title='bbox 1223 3284 1259 3338; x_wconf 91' lang='lat' dir='ltr'><strong>da</strong></span> <span class='ocrx_word' id='word_1_596' title='bbox 1282 3279 1373 3351; x_wconf 90' lang='lat' dir='ltr'><strong>stirpe</strong></span> <span class='ocrx_word' id='word_1_597' title='bbox 1396 3272 1543 3334; x_wconf 79' lang='lat' dir='ltr'><strong>Abrahe‘l</strong></span> <span class='ocrx_word' id='word_1_598' title='bbox 1558 3271 1628 3343; x_wconf 88' lang='lat' dir='ltr'><strong>quid</strong></span> <span class='ocrx_word' id='word_1_599' title='bbox 1653 3268 1702 3322; x_wconf 89' lang='lat' dir='ltr'><strong>liet</strong></span> <span class='ocrx_word' id='word_1_600' title='bbox 1717 3265 1751 3322; x_wconf 90' lang='lat' dir='ltr'><strong>de</strong></span> <span class='ocrx_word' id='word_1_601' title='bbox 1768 3262 1856 3320; x_wconf 88' lang='lat' dir='ltr'><strong>ramis</strong></span> 
     </span>
     <span class='ocr_line' id='line_1_81' title="bbox 1002 3353 1856 3447; baseline -0.029 -16"><span class='ocrx_word' id='word_1_602' title='bbox 1002 3373 1109 3447; x_wconf 87' lang='lat' dir='ltr'><strong>quibus</strong></span> <span class='ocrx_word' id='word_1_603' title='bbox 1133 3376 1219 3431; x_wconf 90' lang='lat' dir='ltr'><strong>arbor</strong></span> <span class='ocrx_word' id='word_1_604' title='bbox 1243 3373 1329 3443; x_wconf 89' lang='lat' dir='ltr'><strong>plana</strong></span> <span class='ocrx_word' id='word_1_605' title='bbox 1343 3365 1428 3424; x_wconf 88' lang='lat' dir='ltr'><strong>erat‘l</strong></span> <span class='ocrx_word' id='word_1_606' title='bbox 1443 3364 1529 3430; x_wconf 88' lang='lat' dir='ltr'><strong>Quid,</strong></span> <span class='ocrx_word' id='word_1_607' title='bbox 1542 3360 1595 3415; x_wconf 88' lang='lat' dir='ltr'><strong>alsi</strong></span> <span class='ocrx_word' id='word_1_608' title='bbox 1612 3356 1681 3429; x_wconf 86' lang='lat' dir='ltr'><strong>quia</strong></span> <span class='ocrx_word' id='word_1_609' title='bbox 1696 3353 1856 3427; x_wconf 82' lang='lat' dir='ltr'><strong>preciden-</strong></span> 
     </span>
     <span class='ocr_line' id='line_1_82' title="bbox 1002 3444 1855 3535; baseline -0.032 -14"><span class='ocrx_word' id='word_1_610' title='bbox 1002 3471 1059 3535; x_wconf 90' lang='lat' dir='ltr'><strong>tur,</strong></span> <span class='ocrx_word' id='word_1_611' title='bbox 1086 3475 1117 3523; x_wconf 88' lang='lat' dir='ltr'><strong>ut</strong></span> <span class='ocrx_word' id='word_1_612' title='bbox 1144 3465 1192 3520; x_wconf 88' lang='lat' dir='ltr'><strong>isti</strong></span> <span class='ocrx_word' id='word_1_613' title='bbox 1223 3456 1412 3517; x_wconf 75' lang='lat' dir='ltr'><strong>inserantur?</strong></span> <span class='ocrx_word' id='word_1_614' title='bbox 1433 3456 1509 3509; x_wconf 86' lang='lat' dir='ltr'><strong>Doce</strong></span> <span class='ocrx_word' id='word_1_615' title='bbox 1537 3449 1605 3521; x_wconf 85' lang='lat' dir='ltr'><strong>quia</strong></span> <span class='ocrx_word' id='word_1_616' title='bbox 1634 3444 1855 3519; x_wconf 79' lang='lat' dir='ltr'><strong>precidentnr:</strong></span> 
     </span>
     <span class='ocr_line' id='line_1_83' title="bbox 1000 3530 1855 3624; baseline -0.025 -14"><span class='ocrx_word' id='word_1_617' title='bbox 1000 3555 1070 3611; x_wconf 82' lang='lat' dir='ltr'><strong>Filii</strong></span> <span class='ocrx_word' id='word_1_618' title='bbox 1083 3558 1174 3610; x_wconf 83' lang='lat' dir='ltr'><strong>aulem</strong></span> <span class='ocrx_word' id='word_1_619' title='bbox 1189 3555 1268 3624; x_wconf 75' lang='lat' dir='ltr'><strong>rapui</strong></span> <span class='ocrx_word' id='word_1_620' title='bbox 1285 3548 1363 3604; x_wconf 78' lang='lat' dir='ltr'><strong>ibunt</strong></span> <span class='ocrx_word' id='word_1_621' title='bbox 1377 3548 1408 3600; x_wconf 84' lang='lat' dir='ltr'><strong>in</strong></span> <span class='ocrx_word' id='word_1_622' title='bbox 1426 3540 1552 3599; x_wconf 71' lang='lat' dir='ltr'><strong>meires</strong></span> <span class='ocrx_word' id='word_1_623' title='bbox 1575 3536 1726 3594; x_wconf 74' lang='lat' dir='ltr'><strong>exteriores</strong></span> <span class='ocrx_word' id='word_1_624' title='bbox 1749 3530 1855 3605; x_wconf 74' lang='lat' dir='ltr'><strong>(notra.</strong></span> 
     </span>
     <span class='ocr_line' id='line_1_84' title="bbox 999 3645 1172 3715; baseline -0.012 -12"><span class='ocrx_word' id='word_1_625' title='bbox 999 3645 1172 3715; x_wconf 79' lang='lat' dir='ltr'><strong>vrrr,5·12).</strong></span> 
     </span>
    </p>

    <p class='ocr_par' dir='ltr' id='par_1_11' title="bbox 997 3710 1856 4353">
     <span class='ocr_line' id='line_1_85' title="bbox 1034 3710 1856 3803; baseline -0.026 -13"><span class='ocrx_word' id='word_1_626' title='bbox 1034 3737 1062 3791; x_wconf 84' lang='lat'><strong>7.</strong></span> <span class='ocrx_word' id='word_1_627' title='bbox 1078 3735 1188 3791; x_wconf 81' lang='lat' dir='ltr'><strong>Habeat</strong></span> <span class='ocrx_word' id='word_1_628' title='bbox 1210 3746 1278 3803; x_wconf 76' lang='lat' dir='ltr'><strong>ergo</strong></span> <span class='ocrx_word' id='word_1_629' title='bbox 1293 3728 1370 3800; x_wconf 90' lang='lat' dir='ltr'><strong>apud</strong></span> <span class='ocrx_word' id='word_1_630' title='bbox 1387 3741 1440 3782; x_wconf 90' lang='lat' dir='ltr'><strong>nos</strong></span> <span class='ocrx_word' id='word_1_631' title='bbox 1455 3723 1595 3779; x_wconf 88' lang='lat' dir='ltr'><strong>honorem</strong></span> <span class='ocrx_word' id='word_1_632' title='bbox 1620 3715 1770 3789; x_wconf 87' lang='lat' dir='ltr'><strong>Propheta,</strong></span> <span class='ocrx_word' id='word_1_633' title='bbox 1786 3710 1856 3785; x_wconf 88' lang='lat' dir='ltr'><strong>quis</strong></span> 
     </span>
     <span class='ocr_line' id='line_1_86' title="bbox 999 3803 1855 3890; baseline -0.032 -5"><span class='ocrx_word' id='word_1_634' title='bbox 999 3843 1057 3884; x_wconf 91' lang='lat' dir='ltr'><strong>non</strong></span> <span class='ocrx_word' id='word_1_635' title='bbox 1073 3825 1177 3882; x_wconf 87' lang='lat' dir='ltr'><strong>habuit</strong></span> <span class='ocrx_word' id='word_1_636' title='bbox 1193 3824 1332 3880; x_wconf 87' lang='lat' dir='ltr'><strong>honorem</strong></span> <span class='ocrx_word' id='word_1_637' title='bbox 1346 3819 1374 3874; x_wconf 94' lang='lat' dir='ltr'><strong>in</strong></span> <span class='ocrx_word' id='word_1_638' title='bbox 1391 3815 1485 3890; x_wconf 90' lang='lat' dir='ltr'><strong>patria</strong></span> <span class='ocrx_word' id='word_1_639' title='bbox 1501 3829 1564 3871; x_wconf 87' lang='lat' dir='ltr'><strong>sus.</strong></span> <span class='ocrx_word' id='word_1_640' title='bbox 1576 3810 1639 3867; x_wconf 91' lang='lat' dir='ltr'><strong>Nun</strong></span> <span class='ocrx_word' id='word_1_641' title='bbox 1650 3803 1855 3865; x_wconf 85' lang='lat' dir='ltr'><strong>hebuithonn·</strong></span> 
     </span>
     <span class='ocr_line' id='line_1_87' title="bbox 999 3895 1855 3990; baseline -0.03 -15"><span class='ocrx_word' id='word_1_642' title='bbox 999 3933 1060 3974; x_wconf 85' lang='lat' dir='ltr'><strong>rem</strong></span> <span class='ocrx_word' id='word_1_643' title='bbox 1077 3917 1105 3973; x_wconf 91' lang='lat' dir='ltr'><strong>in</strong></span> <span class='ocrx_word' id='word_1_644' title='bbox 1123 3916 1226 3990; x_wconf 86' lang='lat' dir='ltr'><strong>patria,</strong></span> <span class='ocrx_word' id='word_1_645' title='bbox 1242 3912 1272 3969; x_wconf 91' lang='lat' dir='ltr'><strong>in</strong></span> <span class='ocrx_word' id='word_1_646' title='bbox 1289 3926 1347 3984; x_wconf 89' lang='lat' dir='ltr'><strong>qua</strong></span> <span class='ocrx_word' id='word_1_647' title='bbox 1361 3906 1496 3966; x_wconf 88' lang='lat' dir='ltr'><strong>conditus</strong></span> <span class='ocrx_word' id='word_1_648' title='bbox 1516 3905 1576 3971; x_wconf 86' lang='lat' dir='ltr'><strong>est;</strong></span> <span class='ocrx_word' id='word_1_649' title='bbox 1592 3899 1699 3957; x_wconf 87' lang='lat' dir='ltr'><strong>habeat</strong></span> <span class='ocrx_word' id='word_1_650' title='bbox 1712 3895 1855 3953; x_wconf 84' lang='lat' dir='ltr'><strong>honorem</strong></span> 
     </span>
     <span class='ocr_line' id='line_1_88' title="bbox 999 3986 1856 4081; baseline -0.028 -18"><span class='ocrx_word' id='word_1_651' title='bbox 999 4008 1028 4064; x_wconf 93' lang='lat' dir='ltr'><strong>iu</strong></span> <span class='ocrx_word' id='word_1_652' title='bbox 1045 4007 1138 4081; x_wconf 88' lang='lat' dir='ltr'><strong>patria</strong></span> <span class='ocrx_word' id='word_1_653' title='bbox 1154 4022 1241 4078; x_wconf 83' lang='lat' dir='ltr'><strong>quam</strong></span> <span class='ocrx_word' id='word_1_654' title='bbox 1267 4000 1409 4061; x_wconf 89' lang='lat' dir='ltr'><strong>condidit.</strong></span> <span class='ocrx_word' id='word_1_655' title='bbox 1424 3999 1457 4055; x_wconf 90' lang='lat' dir='ltr'><strong>ln</strong></span> <span class='ocrx_word' id='word_1_656' title='bbox 1481 3994 1532 4051; x_wconf 89' lang='lat' dir='ltr'><strong>illa</strong></span> <span class='ocrx_word' id='word_1_657' title='bbox 1547 3990 1624 4051; x_wconf 88' lang='lat' dir='ltr'><strong>enim</strong></span> <span class='ocrx_word' id='word_1_658' title='bbox 1649 3986 1785 4046; x_wconf 91' lang='lat' dir='ltr'><strong>conditus</strong></span> <span class='ocrx_word' id='word_1_659' title='bbox 1809 3987 1856 4041; x_wconf 91' lang='lat' dir='ltr'><strong>est</strong></span> 
     </span>
     <span class='ocr_line' id='line_1_89' title="bbox 998 4073 1855 4168; baseline -0.034 -11"><span class='ocrx_word' id='word_1_660' title='bbox 998 4099 1131 4156; x_wconf 90' lang='lat' dir='ltr'><strong>conditor</strong></span> <span class='ocrx_word' id='word_1_661' title='bbox 1145 4097 1290 4168; x_wconf 91' lang='lat' dir='ltr'><strong>omnium,</strong></span> <span class='ocrx_word' id='word_1_662' title='bbox 1306 4093 1441 4152; x_wconf 86' lang='lat' dir='ltr'><strong>conditus</strong></span> <span class='ocrx_word' id='word_1_663' title='bbox 1454 4087 1485 4143; x_wconf 92' lang='lat' dir='ltr'><strong>in</strong></span> <span class='ocrx_word' id='word_1_664' title='bbox 1497 4084 1547 4141; x_wconf 91' lang='lat' dir='ltr'><strong>illa</strong></span> <span class='ocrx_word' id='word_1_665' title='bbox 1563 4085 1608 4140; x_wconf 89' lang='lat' dir='ltr'><strong>est</strong></span> <span class='ocrx_word' id='word_1_666' title='bbox 1623 4077 1784 4138; x_wconf 89' lang='lat' dir='ltr'><strong>secundum</strong></span> <span class='ocrx_word' id='word_1_667' title='bbox 1796 4073 1855 4130; x_wconf 90' lang='lat' dir='ltr'><strong>lor·</strong></span> 
     </span>
     <span class='ocr_line' id='line_1_90' title="bbox 999 4164 1853 4258; baseline -0.039 -9"><span class='ocrx_word' id='word_1_668' title='bbox 999 4206 1077 4247; x_wconf 87' lang='lat' dir='ltr'><strong>mam</strong></span> <span class='ocrx_word' id='word_1_669' title='bbox 1088 4188 1172 4247; x_wconf 89' lang='lat' dir='ltr'><strong>serri.</strong></span> <span class='ocrx_word' id='word_1_670' title='bbox 1184 4191 1258 4244; x_wconf 85' lang='lat' dir='ltr'><strong>Nam</strong></span> <span class='ocrx_word' id='word_1_671' title='bbox 1269 4185 1364 4258; x_wconf 88' lang='lat' dir='ltr'><strong>ipsam</strong></span> <span class='ocrx_word' id='word_1_672' title='bbox 1374 4178 1520 4238; x_wconf 80' lang='lat' dir='ltr'><strong>civitatem</strong></span> <span class='ocrx_word' id='word_1_673' title='bbox 1536 4173 1636 4244; x_wconf 90' lang='lat' dir='ltr'><strong>inqua</strong></span> <span class='ocrx_word' id='word_1_674' title='bbox 1652 4164 1787 4227; x_wconf 88' lang='lat' dir='ltr'><strong>conditus</strong></span> <span class='ocrx_word' id='word_1_675' title='bbox 1797 4166 1853 4228; x_wconf 85' lang='lat' dir='ltr'><strong>est,</strong></span> 
     </span>
     <span class='ocr_line' id='line_1_91' title="bbox 997 4250 1853 4353; baseline -0.04 -18"><span class='ocrx_word' id='word_1_676' title='bbox 997 4279 1089 4353; x_wconf 90' lang='lat' dir='ltr'><strong>ipsam</strong></span> <span class='ocrx_word' id='word_1_677' title='bbox 1106 4279 1187 4345; x_wconf 86' lang='lat' dir='ltr'><strong>Sion,</strong></span> <span class='ocrx_word' id='word_1_678' title='bbox 1198 4277 1290 4348; x_wconf 89' lang='lat' dir='ltr'><strong>ipsam</strong></span> <span class='ocrx_word' id='word_1_679' title='bbox 1305 4273 1473 4330; x_wconf 81' lang='lat' dir='ltr'><strong>ludaeorum</strong></span> <span class='ocrx_word' id='word_1_680' title='bbox 1486 4265 1612 4337; x_wconf 81' lang='lat' dir='ltr'><strong>gentem,</strong></span> <span class='ocrx_word' id='word_1_681' title='bbox 1624 4256 1720 4328; x_wconf 89' lang='lat' dir='ltr'><strong>ipsam</strong></span> <span class='ocrx_word' id='word_1_682' title='bbox 1734 4250 1853 4305; x_wconf 83' lang='lat' dir='ltr'><strong>Jerusa-</strong></span> 
     </span>
    </p>
   </div>
   <div class='ocr_carea' id='block_1_8' title="bbox 83 4336 1853 5425">
    <p class='ocr_par' dir='ltr' id='par_1_12' title="bbox 83 4336 1853 5425">
     <span class='ocr_line' id='line_1_92' title="bbox 85 4336 1853 4441; baseline -0.012 -30"><span class='ocrx_word' id='word_1_683' title='bbox 85 4355 177 4411; x_wconf 80' lang='lat' dir='ltr'><strong>taber.</strong></span> <span class='ocrx_word' id='word_1_684' title='bbox 192 4352 344 4425; x_wconf 89' lang='lat' dir='ltr'><strong>Numquid</strong></span> <span class='ocrx_word' id='word_1_685' title='bbox 366 4371 423 4411; x_wconf 91' lang='lat' dir='ltr'><strong>uon</strong></span> <span class='ocrx_word' id='word_1_686' title='bbox 444 4360 472 4411; x_wconf 89' lang='lat' dir='ltr'><strong>et</strong></span> <span class='ocrx_word' id='word_1_687' title='bbox 487 4356 530 4412; x_wconf 91' lang='lat' dir='ltr'><strong>illi</strong></span> <span class='ocrx_word' id='word_1_688' title='bbox 550 4358 712 4414; x_wconf 89' lang='lat' dir='ltr'><strong>centurioni</strong></span> <span class='ocrx_word' id='word_1_689' title='bbox 729 4361 943 4430; x_wconf 81' lang='lat' dir='ltr'><strong>poteratdieere</strong></span> <span class='ocrx_word' id='word_1_690' title='bbox 998 4369 1139 4441; x_wconf 86' lang='lat' dir='ltr'><strong>lem,ipss</strong></span> <span class='ocrx_word' id='word_1_691' title='bbox 1161 4365 1292 4425; x_wconf 88' lang='lat' dir='ltr'><strong>condidit</strong></span> <span class='ocrx_word' id='word_1_692' title='bbox 1315 4362 1472 4417; x_wconf 86' lang='lat' dir='ltr'><strong>comesset</strong></span> <span class='ocrx_word' id='word_1_693' title='bbox 1490 4350 1566 4426; x_wconf 89' lang='lat' dir='ltr'><strong>apud</strong></span> <span class='ocrx_word' id='word_1_694' title='bbox 1596 4347 1709 4402; x_wconf 84' lang='lat' dir='ltr'><strong>Patrem</strong></span> <span class='ocrx_word' id='word_1_695' title='bbox 1727 4336 1853 4395; x_wconf 84' lang='lat' dir='ltr'><strong>Verbum</strong></span> 
     </span>
     <span class='ocr_line' id='line_1_93' title="bbox 86 4428 1853 4522; baseline 0 -22"><span class='ocrx_word' id='word_1_696' title='bbox 86 4442 328 4515; x_wconf 85' lang='lat' dir='ltr'><strong>Dominus,qu0d</strong></span> <span class='ocrx_word' id='word_1_697' title='bbox 345 4444 417 4501; x_wconf 89' lang='lat' dir='ltr'><strong>dixit</strong></span> <span class='ocrx_word' id='word_1_698' title='bbox 441 4445 508 4502; x_wconf 92' lang='lat' dir='ltr'><strong>huic</strong></span> <span class='ocrx_word' id='word_1_699' title='bbox 524 4448 633 4517; x_wconf 75' lang='lat' dir='ltr'><strong>regulo,</strong></span> <span class='ocrx_word' id='word_1_700' title='bbox 648 4447 725 4516; x_wconf 82' lang='lat' dir='ltr'><strong>Vade,</strong></span> <span class='ocrx_word' id='word_1_701' title='bbox 737 4464 808 4520; x_wconf 82' lang='lat' dir='ltr'><strong>puer</strong></span> <span class='ocrx_word' id='word_1_702' title='bbox 826 4459 888 4508; x_wconf 82' lang='lat' dir='ltr'><strong>taur</strong></span> <span class='ocrx_word' id='word_1_703' title='bbox 903 4452 943 4510; x_wconf 82' lang='lat' dir='ltr'><strong>ri·</strong></span> <span class='ocrx_word' id='word_1_704' title='bbox 1000 4462 1046 4517; x_wconf 68' lang='lat' dir='ltr'><strong>usi</strong></span> <span class='ocrx_word' id='word_1_705' title='bbox 1064 4457 1187 4517; x_wconf 75' lang='lat' dir='ltr'><strong>:omnia</strong></span> <span class='ocrx_word' id='word_1_706' title='bbox 1209 4454 1287 4512; x_wconf 80' lang='lat' dir='ltr'><strong>enim</strong></span> <span class='ocrx_word' id='word_1_707' title='bbox 1302 4467 1350 4522; x_wconf 86' lang='lat' dir='ltr'><strong>per</strong></span> <span class='ocrx_word' id='word_1_708' title='bbox 1364 4450 1455 4520; x_wconf 83' lang='lat' dir='ltr'><strong>ipsam</strong></span> <span class='ocrx_word' id='word_1_709' title='bbox 1475 4445 1550 4515; x_wconf 69' lang='lat' dir='ltr'><strong>sacta</strong></span> <span class='ocrx_word' id='word_1_710' title='bbox 1573 4443 1648 4499; x_wconf 68' lang='lat' dir='ltr'><strong>wll·</strong></span> <span class='ocrx_word' id='word_1_711' title='bbox 1663 4440 1688 4490; x_wconf 68' lang='lat' dir='ltr'><strong>ll</strong></span> <span class='ocrx_word' id='word_1_712' title='bbox 1712 4430 1774 4486; x_wconf 60' lang='grc' dir='ltr'><strong>’Μ</strong></span> <span class='ocrx_word' id='word_1_713' title='bbox 1792 4428 1853 4494; x_wconf 63' lang='grc' dir='ltr'><strong>*Ῥω</strong></span> 
     </span>
     <span class='ocr_line' id='line_1_94' title="bbox 87 4516 1853 4620; baseline -0.01 -31"><span class='ocrx_word' id='word_1_714' title='bbox 87 4532 261 4591; x_wconf 73' lang='lat' dir='ltr'><strong>rittllidete</strong></span> <span class='ocrx_word' id='word_1_715' title='bbox 276 4533 495 4592; x_wconf 87' lang='lat' dir='ltr'><strong>distinctionem</strong></span> <span class='ocrx_word' id='word_1_716' title='bbox 513 4552 520 4593; x_wconf 91' lang='lat'>:</span> <span class='ocrx_word' id='word_1_717' title='bbox 537 4537 654 4610; x_wconf 80' lang='lat' dir='ltr'><strong>regulus</strong></span> <span class='ocrx_word' id='word_1_718' title='bbox 670 4539 723 4595; x_wconf 89' lang='lat' dir='ltr'><strong>iste</strong></span> <span class='ocrx_word' id='word_1_719' title='bbox 739 4540 894 4598; x_wconf 85' lang='lat' dir='ltr'><strong>Dominum</strong></span> <span class='ocrx_word' id='word_1_720' title='bbox 905 4543 943 4599; x_wconf 87' lang='lat' dir='ltr'><strong>sd</strong></span> <span class='ocrx_word' id='word_1_721' title='bbox 995 4551 1103 4620; x_wconf 79' lang='lat' dir='ltr'><strong>suetiam</strong></span> <span class='ocrx_word' id='word_1_722' title='bbox 1116 4552 1156 4603; x_wconf 81' lang='lat' dir='ltr'><strong>est</strong></span> <span class='ocrx_word' id='word_1_723' title='bbox 1170 4545 1254 4602; x_wconf 82' lang='lat' dir='ltr'><strong>nibil.</strong></span> <span class='ocrx_word' id='word_1_724' title='bbox 1271 4538 1370 4597; x_wconf 83' lang='lat' dir='ltr'><strong>Deillo</strong></span> <span class='ocrx_word' id='word_1_725' title='bbox 1381 4551 1449 4608; x_wconf 83' lang='lat' dir='ltr'><strong>ergo</strong></span> <span class='ocrx_word' id='word_1_726' title='bbox 1461 4526 1691 4595; x_wconf 89' lang='lat' dir='ltr'><strong>bominedequo</strong></span> <span class='ocrx_word' id='word_1_727' title='bbox 1702 4516 1787 4577; x_wconf 89' lang='lat' dir='ltr'><strong>hodie</strong></span> <span class='ocrx_word' id='word_1_728' title='bbox 1798 4532 1853 4573; x_wconf 91' lang='lat' dir='ltr'><strong>an·</strong></span> 
     </span>
     <span class='ocr_line' id='line_1_95' title="bbox 87 4605 1852 4706; baseline -0.016 -29"><span class='ocrx_word' id='word_1_729' title='bbox 87 4619 207 4678; x_wconf 88' lang='lat' dir='ltr'><strong>domum</strong></span> <span class='ocrx_word' id='word_1_730' title='bbox 219 4637 305 4679; x_wconf 86' lang='lat' dir='ltr'><strong>snam</strong></span> <span class='ocrx_word' id='word_1_731' title='bbox 316 4621 492 4682; x_wconf 82' lang='lat' dir='ltr'><strong>descendere</strong></span> <span class='ocrx_word' id='word_1_732' title='bbox 506 4625 643 4697; x_wconf 89' lang='lat' dir='ltr'><strong>cupiebat</strong></span> <span class='ocrx_word' id='word_1_733' title='bbox 653 4647 661 4695; x_wconf 75' lang='lat'>3</span> <span class='ocrx_word' id='word_1_734' title='bbox 673 4626 721 4683; x_wconf 90' lang='lat' dir='ltr'><strong>ille</strong></span> <span class='ocrx_word' id='word_1_735' title='bbox 731 4630 944 4687; x_wconf 79' lang='lat' dir='ltr'><strong>centuripindi-</strong></span> <span class='ocrx_word' id='word_1_736' title='bbox 997 4636 1134 4706; x_wconf 61' lang='lat' dir='ltr'><strong>divtmug‚</strong></span> <span class='ocrx_word' id='word_1_737' title='bbox 1148 4651 1224 4692; x_wconf 68' lang='lat' dir='ltr'><strong>um„</strong></span> <span class='ocrx_word' id='word_1_738' title='bbox 1238 4631 1382 4690; x_wconf 52' lang='lat' dir='ltr'><strong>mediator</strong></span> <span class='ocrx_word' id='word_1_739' title='bbox 1397 4624 1447 4683; x_wconf 65' lang='lat'><strong>001</strong></span> <span class='ocrx_word' id='word_1_740' title='bbox 1463 4616 1654 4680; x_wconf 58' lang='lat' dir='ltr'><strong>„rhomtnum</strong></span> <span class='ocrx_word' id='word_1_741' title='bbox 1665 4613 1753 4669; x_wconf 68' lang='lat' dir='ltr'><strong>homo</strong></span> <span class='ocrx_word' id='word_1_742' title='bbox 1768 4605 1852 4664; x_wconf 63' lang='lat' dir='ltr'><strong>chri.</strong></span> 
     </span>
     <span class='ocr_line' id='line_1_96' title="bbox 85 4700 1852 4795; baseline -0.008 -26"><span class='ocrx_word' id='word_1_743' title='bbox 85 4728 220 4785; x_wconf 78' lang='lat' dir='ltr'><strong>guumse</strong></span> <span class='ocrx_word' id='word_1_744' title='bbox 233 4729 299 4770; x_wconf 87' lang='lat' dir='ltr'><strong>esse</strong></span> <span class='ocrx_word' id='word_1_745' title='bbox 313 4713 436 4772; x_wconf 87' lang='lat' dir='ltr'><strong>dicebat.</strong></span> <span class='ocrx_word' id='word_1_746' title='bbox 453 4715 498 4772; x_wconf 87' lang='lat' dir='ltr'><strong>llll</strong></span> <span class='ocrx_word' id='word_1_747' title='bbox 514 4715 674 4787; x_wconf 90' lang='lat' dir='ltr'><strong>dicebatur,</strong></span> <span class='ocrx_word' id='word_1_748' title='bbox 687 4721 744 4793; x_wconf 75' lang='lat' dir='ltr'><strong>Epo</strong></span> <span class='ocrx_word' id='word_1_749' title='bbox 754 4721 885 4778; x_wconf 78' lang='lat' dir='ltr'><strong>verrio²el</strong></span> <span class='ocrx_word' id='word_1_750' title='bbox 895 4738 944 4780; x_wconf 83' lang='lat' dir='ltr'><strong>ru·</strong></span> <span class='ocrx_word' id='word_1_751' title='bbox 998 4732 1060 4785; x_wconf 87' lang='lat' dir='ltr'><strong>stus</strong></span> <span class='ocrx_word' id='word_1_752' title='bbox 1083 4730 1168 4782; x_wconf 74' lang='lat' dir='ltr'><strong>iesus</strong></span> <span class='ocrx_word' id='word_1_753' title='bbox 1182 4725 1206 4795; x_wconf 93' lang='lat' dir='ltr'><strong>(l</strong></span> <span class='ocrx_word' id='word_1_754' title='bbox 1220 4725 1276 4781; x_wconf 82' lang='lat' dir='ltr'><strong>Tim</strong></span> <span class='ocrx_word' id='word_1_755' title='bbox 1302 4737 1333 4790; x_wconf 84' lang='grc' dir='ltr'><strong>η,</strong></span> <span class='ocrx_word' id='word_1_756' title='bbox 1346 4719 1387 4791; x_wconf 87' lang='grc'><strong>5),</strong></span> <span class='ocrx_word' id='word_1_757' title='bbox 1406 4713 1494 4772; x_wconf 89' lang='lat' dir='ltr'><strong>stiam</strong></span> <span class='ocrx_word' id='word_1_758' title='bbox 1522 4707 1655 4766; x_wconf 86' lang='lat' dir='ltr'><strong>Psalmns</strong></span> <span class='ocrx_word' id='word_1_759' title='bbox 1678 4700 1852 4776; x_wconf 85' lang='lat' dir='ltr'><strong>prelocutus</strong></span> 
     </span>
     <span class='ocr_line' id='line_1_97' title="bbox 84 4791 1850 4885; baseline -0.008 -28"><span class='ocrx_word' id='word_1_760' title='bbox 84 4803 154 4860; x_wconf 83' lang='lat' dir='ltr'><strong>robe</strong></span> <span class='ocrx_word' id='word_1_761' title='bbox 167 4817 249 4871; x_wconf 61' lang='lat' dir='ltr'><strong>earu</strong></span> <span class='ocrx_word' id='word_1_762' title='bbox 267 4802 336 4861; x_wconf 90' lang='lat' dir='ltr'><strong>huic</strong></span> <span class='ocrx_word' id='word_1_763' title='bbox 350 4804 525 4875; x_wconf 88' lang='lat' dir='ltr'><strong>dictumest,</strong></span> <span class='ocrx_word' id='word_1_764' title='bbox 544 4807 623 4874; x_wconf 81' lang='lat' dir='ltr'><strong>Vade,</strong></span> <span class='ocrx_word' id='word_1_765' title='bbox 634 4807 714 4879; x_wconf 77' lang='lat' dir='ltr'><strong>filius</strong></span> <span class='ocrx_word' id='word_1_766' title='bbox 729 4815 793 4868; x_wconf 81' lang='lat' dir='ltr'><strong>taus</strong></span> <span class='ocrx_word' id='word_1_767' title='bbox 807 4811 885 4868; x_wconf 82' lang='lat' dir='ltr'><strong>vivit.</strong></span> <span class='ocrx_word' id='word_1_768' title='bbox 897 4812 943 4869; x_wconf 87' lang='lat' dir='ltr'><strong>Illi</strong></span> <span class='ocrx_word' id='word_1_769' title='bbox 997 4820 1051 4884; x_wconf 87' lang='lat' dir='ltr'><strong>est,</strong></span> <span class='ocrx_word' id='word_1_770' title='bbox 1067 4816 1175 4885; x_wconf 88' lang='lat' dir='ltr'><strong>dicens,</strong></span> <span class='ocrx_word' id='word_1_771' title='bbox 1191 4812 1275 4869; x_wconf 71' lang='lat' dir='ltr'><strong>buter</strong></span> <span class='ocrx_word' id='word_1_772' title='bbox 1300 4810 1378 4879; x_wconf 81' lang='lat' dir='ltr'><strong>Sion,</strong></span> <span class='ocrx_word' id='word_1_773' title='bbox 1402 4805 1473 4863; x_wconf 85' lang='lat' dir='ltr'><strong>diret</strong></span> <span class='ocrx_word' id='word_1_774' title='bbox 1495 4802 1583 4860; x_wconf 82' lang='lat' dir='ltr'><strong>ieme.</strong></span> <span class='ocrx_word' id='word_1_775' title='bbox 1607 4794 1729 4864; x_wconf 87' lang='lat' dir='ltr'><strong>Quidam</strong></span> <span class='ocrx_word' id='word_1_776' title='bbox 1753 4791 1850 4857; x_wconf 87' lang='lat' dir='ltr'><strong>homo,</strong></span> 
     </span>
     <span class='ocr_line' id='line_1_98' title="bbox 85 4874 1850 4969; baseline -0.011 -18"><span class='ocrx_word' id='word_1_777' title='bbox 85 4894 271 4967; x_wconf 75' lang='lat' dir='ltr'><strong>presentiam</strong></span> <span class='ocrx_word' id='word_1_778' title='bbox 283 4896 474 4969; x_wconf 87' lang='lat' dir='ltr'><strong>promittebat</strong></span> <span class='ocrx_word' id='word_1_779' title='bbox 485 4917 493 4967; x_wconf 74' lang='grc' dir='ltr'><strong>ς</strong></span> <span class='ocrx_word' id='word_1_780' title='bbox 506 4897 677 4957; x_wconf 84' lang='lat' dir='ltr'><strong>huncverbo</strong></span> <span class='ocrx_word' id='word_1_781' title='bbox 688 4902 821 4960; x_wconf 89' lang='lat' dir='ltr'><strong>sanabat.</strong></span> <span class='ocrx_word' id='word_1_782' title='bbox 834 4904 943 4961; x_wconf 78' lang='lat' dir='ltr'><strong>latala-</strong></span> <span class='ocrx_word' id='word_1_783' title='bbox 998 4905 1140 4964; x_wconf 72' lang='lat' dir='ltr'><strong>mediator</strong></span> <span class='ocrx_word' id='word_1_784' title='bbox 1156 4904 1205 4960; x_wconf 81' lang='lat' dir='ltr'><strong>liei</strong></span> <span class='ocrx_word' id='word_1_785' title='bbox 1229 4907 1258 4958; x_wconf 90' lang='lat' dir='ltr'><strong>et</strong></span> <span class='ocrx_word' id='word_1_786' title='bbox 1281 4900 1435 4956; x_wconf 88' lang='lat' dir='ltr'><strong>hominum</strong></span> <span class='ocrx_word' id='word_1_787' title='bbox 1457 4894 1556 4958; x_wconf 88' lang='lat' dir='ltr'><strong>homo,</strong></span> <span class='ocrx_word' id='word_1_788' title='bbox 1572 4888 1664 4946; x_wconf 83' lang='lat' dir='ltr'><strong>Mater</strong></span> <span class='ocrx_word' id='word_1_789' title='bbox 1686 4881 1756 4939; x_wconf 87' lang='lat' dir='ltr'><strong>Sion</strong></span> <span class='ocrx_word' id='word_1_790' title='bbox 1770 4874 1850 4933; x_wconf 87' lang='lat' dir='ltr'><strong>dicit.</strong></span> 
     </span>
     <span class='ocr_line' id='line_1_99' title="bbox 85 4972 1850 5064; baseline -0.007 -23"><span class='ocrx_word' id='word_1_791' title='bbox 85 5001 150 5041; x_wconf 89' lang='lat' dir='ltr'><strong>men</strong></span> <span class='ocrx_word' id='word_1_792' title='bbox 168 4985 355 5058; x_wconf 70' lang='lat' dir='ltr'><strong>presentiam</strong></span> <span class='ocrx_word' id='word_1_793' title='bbox 372 4986 440 5058; x_wconf 84' lang='lat' dir='ltr'><strong>ejus</strong></span> <span class='ocrx_word' id='word_1_794' title='bbox 454 4991 664 5061; x_wconf 85' lang='lat' dir='ltr'><strong>extorquebat;</strong></span> <span class='ocrx_word' id='word_1_795' title='bbox 682 4991 730 5048; x_wconf 89' lang='lat' dir='ltr'><strong>ille</strong></span> <span class='ocrx_word' id='word_1_796' title='bbox 745 4993 944 5063; x_wconf 78' lang='lat' dir='ltr'><strong>representia</strong></span> <span class='ocrx_word' id='word_1_797' title='bbox 998 4999 1092 5064; x_wconf 86' lang='lat' dir='ltr'><strong>Quare</strong></span> <span class='ocrx_word' id='word_1_798' title='bbox 1111 4993 1203 5049; x_wconf 82' lang='lat' dir='ltr'><strong>Mater</strong></span> <span class='ocrx_word' id='word_1_799' title='bbox 1226 4992 1295 5049; x_wconf 88' lang='lat' dir='ltr'><strong>Sion</strong></span> <span class='ocrx_word' id='word_1_800' title='bbox 1311 4986 1404 5045; x_wconf 81' lang='lat' dir='ltr'><strong>dicitl</strong></span> <span class='ocrx_word' id='word_1_801' title='bbox 1419 4984 1492 5051; x_wconf 86' lang='lat' dir='ltr'><strong>Quia</strong></span> <span class='ocrx_word' id='word_1_802' title='bbox 1506 4981 1574 5037; x_wconf 90' lang='lat' dir='ltr'><strong>inde</strong></span> <span class='ocrx_word' id='word_1_803' title='bbox 1595 4972 1850 5045; x_wconf 62' lang='lat' dir='ltr'><strong>sempiternom,</strong></span> 
     </span>
     <span class='ocr_line' id='line_1_100' title="bbox 83 5059 1852 5158; baseline -0.01 -27"><span class='ocrx_word' id='word_1_804' title='bbox 83 5074 146 5146; x_wconf 80' lang='lat' dir='ltr'><strong>ejus</strong></span> <span class='ocrx_word' id='word_1_805' title='bbox 157 5074 314 5148; x_wconf 79' lang='lat' dir='ltr'><strong>indiguum</strong></span> <span class='ocrx_word' id='word_1_806' title='bbox 325 5090 390 5133; x_wconf 87' lang='lat' dir='ltr'><strong>esse</strong></span> <span class='ocrx_word' id='word_1_807' title='bbox 403 5077 528 5136; x_wconf 87' lang='lat' dir='ltr'><strong>dicebat.</strong></span> <span class='ocrx_word' id='word_1_808' title='bbox 544 5081 596 5136; x_wconf 76' lang='lat' dir='ltr'><strong>ilic</strong></span> <span class='ocrx_word' id='word_1_809' title='bbox 613 5096 729 5139; x_wconf 86' lang='lat' dir='ltr'><strong>cessum</strong></span> <span class='ocrx_word' id='word_1_810' title='bbox 746 5083 940 5154; x_wconf 88' lang='lat' dir='ltr'><strong>eatelatioai;</strong></span> <span class='ocrx_word' id='word_1_811' title='bbox 997 5087 1067 5144; x_wconf 89' lang='lat' dir='ltr'><strong>inde</strong></span> <span class='ocrx_word' id='word_1_812' title='bbox 1080 5086 1162 5158; x_wconf 83' lang='lat' dir='ltr'><strong>virgo</strong></span> <span class='ocrx_word' id='word_1_813' title='bbox 1174 5083 1277 5150; x_wconf 82' lang='lat' dir='ltr'><strong>llario,</strong></span> <span class='ocrx_word' id='word_1_814' title='bbox 1288 5082 1323 5138; x_wconf 88' lang='lat' dir='ltr'><strong>da</strong></span> <span class='ocrx_word' id='word_1_815' title='bbox 1333 5078 1418 5148; x_wconf 88' lang='lat' dir='ltr'><strong>eujus</strong></span> <span class='ocrx_word' id='word_1_816' title='bbox 1434 5081 1516 5131; x_wconf 87' lang='lat' dir='ltr'><strong>utero</strong></span> <span class='ocrx_word' id='word_1_817' title='bbox 1527 5065 1600 5126; x_wconf 80' lang='lat' dir='ltr'><strong>servi</strong></span> <span class='ocrx_word' id='word_1_818' title='bbox 1611 5066 1705 5121; x_wconf 83' lang='lat' dir='ltr'><strong>torma</strong></span> <span class='ocrx_word' id='word_1_819' title='bbox 1715 5059 1852 5129; x_wconf 87' lang='lat' dir='ltr'><strong>suscepta</strong></span> 
     </span>
     <span class='ocr_line' id='line_1_101' title="bbox 84 5149 1853 5249; baseline -0.011 -28"><span class='ocrx_word' id='word_1_820' title='bbox 84 5164 327 5223; x_wconf 87' lang='lat' dir='ltr'><strong>illiceoneessum</strong></span> <span class='ocrx_word' id='word_1_821' title='bbox 337 5172 383 5224; x_wconf 91' lang='lat' dir='ltr'><strong>est</strong></span> <span class='ocrx_word' id='word_1_822' title='bbox 393 5167 564 5227; x_wconf 85' lang='lat' dir='ltr'><strong>humilitati.</strong></span> <span class='ocrx_word' id='word_1_823' title='bbox 578 5171 729 5243; x_wconf 79' lang='lat' dir='ltr'><strong>Tanquam</strong></span> <span class='ocrx_word' id='word_1_824' title='bbox 746 5173 814 5230; x_wconf 93' lang='lat' dir='ltr'><strong>huic</strong></span> <span class='ocrx_word' id='word_1_825' title='bbox 825 5175 944 5247; x_wconf 87' lang='lat' dir='ltr'><strong>dicaret,</strong></span> <span class='ocrx_word' id='word_1_826' title='bbox 999 5187 1052 5248; x_wconf 80' lang='lat' dir='ltr'><strong>est,</strong></span> <span class='ocrx_word' id='word_1_827' title='bbox 1070 5178 1098 5233; x_wconf 92' lang='lat' dir='ltr'><strong>in</strong></span> <span class='ocrx_word' id='word_1_828' title='bbox 1115 5194 1171 5249; x_wconf 90' lang='lat' dir='ltr'><strong>qua</strong></span> <span class='ocrx_word' id='word_1_829' title='bbox 1186 5176 1324 5247; x_wconf 75' lang='lat' dir='ltr'><strong>dignatus</strong></span> <span class='ocrx_word' id='word_1_830' title='bbox 1338 5173 1383 5228; x_wconf 89' lang='lat' dir='ltr'><strong>est</strong></span> <span class='ocrx_word' id='word_1_831' title='bbox 1396 5177 1535 5239; x_wconf 88' lang='lat' dir='ltr'><strong>apparere</strong></span> <span class='ocrx_word' id='word_1_832' title='bbox 1548 5150 1742 5213; x_wconf 87' lang='lat' dir='ltr'><strong>humillimus.</strong></span> <span class='ocrx_word' id='word_1_833' title='bbox 1762 5149 1853 5204; x_wconf 82' lang='lat' dir='ltr'><strong>lister</strong></span> 
     </span>
     <span class='ocr_line' id='line_1_102' title="bbox 86 5239 1851 5354; baseline -0.015 -29"><span class='ocrx_word' id='word_1_834' title='bbox 86 5254 170 5354; x_wconf 59' lang='grc' dir='ltr'><strong>ΨΟ,</strong></span> <span class='ocrx_word' id='word_1_835' title='bbox 184 5255 264 5324; x_wconf 59' lang='lat' dir='ltr'><strong>filim</strong></span> <span class='ocrx_word' id='word_1_836' title='bbox 276 5262 342 5314; x_wconf 61' lang='lat' dir='ltr'><strong>&#39;llll‘</strong></span> <span class='ocrx_word' id='word_1_837' title='bbox 364 5256 445 5330; x_wconf 62' lang='lat' dir='ltr'><strong>m&#39;vl&#39;l,</strong></span> <span class='ocrx_word' id='word_1_838' title='bbox 467 5258 523 5317; x_wconf 92' lang='lat' dir='ltr'><strong>noli</strong></span> <span class='ocrx_word' id='word_1_839' title='bbox 541 5262 612 5317; x_wconf 90' lang='lat' dir='ltr'><strong>mihi</strong></span> <span class='ocrx_word' id='word_1_840' title='bbox 628 5264 745 5319; x_wconf 84' lang='lat' dir='ltr'><strong>tedium</strong></span> <span class='ocrx_word' id='word_1_841' title='bbox 763 5265 865 5320; x_wconf 85' lang='lat' dir='ltr'><strong>iecere.</strong></span> <span class='ocrx_word' id='word_1_842' title='bbox 885 5265 945 5322; x_wconf 84' lang='lat' dir='ltr'><strong>Nisi</strong></span> <span class='ocrx_word' id='word_1_843' title='bbox 1000 5270 1069 5326; x_wconf 77' lang='lat' dir='ltr'><strong>Sion</strong></span> <span class='ocrx_word' id='word_1_844' title='bbox 1084 5269 1154 5324; x_wconf 90' lang='lat' dir='ltr'><strong>dicit</strong></span> <span class='ocrx_word' id='word_1_845' title='bbox 1178 5267 1277 5333; x_wconf 92' lang='lat' dir='ltr'><strong>homo,</strong></span> <span class='ocrx_word' id='word_1_846' title='bbox 1292 5268 1320 5319; x_wconf 92' lang='lat' dir='ltr'><strong>et</strong></span> <span class='ocrx_word' id='word_1_847' title='bbox 1344 5261 1431 5315; x_wconf 92' lang='lat' dir='ltr'><strong>homo</strong></span> <span class='ocrx_word' id='word_1_848' title='bbox 1447 5256 1501 5310; x_wconf 90' lang='lat' dir='ltr'><strong>iste</strong></span> <span class='ocrx_word' id='word_1_849' title='bbox 1515 5249 1564 5323; x_wconf 86' lang='lat' dir='ltr'><strong>qui</strong></span> <span class='ocrx_word' id='word_1_850' title='bbox 1580 5245 1651 5303; x_wconf 89' lang='lat' dir='ltr'><strong>dicit</strong></span> <span class='ocrx_word' id='word_1_851' title='bbox 1665 5244 1754 5299; x_wconf 85' lang='lat' dir='ltr'><strong>hister</strong></span> <span class='ocrx_word' id='word_1_852' title='bbox 1768 5239 1851 5313; x_wconf 85' lang='lat' dir='ltr'><strong>Sion,</strong></span> 
     </span>
     <span class='ocr_line' id='line_1_103' title="bbox 83 5336 1851 5425; baseline -0.009 -19"><span class='ocrx_word' id='word_1_853' title='bbox 83 5361 164 5416; x_wconf 69' lang='lat' dir='ltr'><strong>aare</strong></span> <span class='ocrx_word' id='word_1_854' title='bbox 176 5354 205 5402; x_wconf 74' lang='lat' dir='ltr'><strong>et</strong></span> <span class='ocrx_word' id='word_1_855' title='bbox 217 5346 351 5417; x_wconf 69' lang='lat' dir='ltr'><strong>prodiero</strong></span> <span class='ocrx_word' id='word_1_856' title='bbox 367 5348 507 5419; x_wconf 81' lang='lat' dir='ltr'><strong>videritis,</strong></span> <span class='ocrx_word' id='word_1_857' title='bbox 527 5366 584 5405; x_wconf 86' lang='grc' dir='ltr'><strong>ηοη</strong></span> <span class='ocrx_word' id='word_1_858' title='bbox 602 5353 719 5409; x_wconf 75' lang='lat' dir='ltr'><strong>creditis</strong></span> <span class='ocrx_word' id='word_1_859' title='bbox 736 5370 742 5409; x_wconf 95' lang='lat'><strong>:</strong></span> <span class='ocrx_word' id='word_1_860' title='bbox 760 5357 944 5425; x_wconf 81' lang='lat' dir='ltr'><strong>presentiam</strong></span> <span class='ocrx_word' id='word_1_861' title='bbox 999 5360 1093 5417; x_wconf 86' lang='lat' dir='ltr'><strong>iactus</strong></span> <span class='ocrx_word' id='word_1_862' title='bbox 1108 5363 1152 5415; x_wconf 90' lang='lat' dir='ltr'><strong>est</strong></span> <span class='ocrx_word' id='word_1_863' title='bbox 1167 5357 1196 5412; x_wconf 94' lang='lat' dir='ltr'><strong>in</strong></span> <span class='ocrx_word' id='word_1_864' title='bbox 1213 5371 1256 5419; x_wconf 89' lang='lat' dir='ltr'><strong>ea,</strong></span> <span class='ocrx_word' id='word_1_865' title='bbox 1267 5354 1347 5409; x_wconf 84' lang='lat' dir='ltr'><strong>homo</strong></span> <span class='ocrx_word' id='word_1_866' title='bbox 1360 5351 1450 5420; x_wconf 75' lang='lat' dir='ltr'><strong>luctus</strong></span> <span class='ocrx_word' id='word_1_867' title='bbox 1463 5350 1504 5402; x_wconf 81' lang='lat' dir='ltr'><strong>est</strong></span> <span class='ocrx_word' id='word_1_868' title='bbox 1519 5344 1548 5398; x_wconf 83' lang='lat' dir='ltr'><strong>in</strong></span> <span class='ocrx_word' id='word_1_869' title='bbox 1563 5355 1606 5396; x_wconf 86' lang='lat' dir='ltr'><strong>ro.</strong></span> <span class='ocrx_word' id='word_1_870' title='bbox 1617 5342 1690 5395; x_wconf 88' lang='lat' dir='ltr'><strong>Nam</strong></span> <span class='ocrx_word' id='word_1_871' title='bbox 1702 5336 1851 5394; x_wconf 86' lang='lat' dir='ltr'><strong>Deuserat</strong></span> 
     </span>
    </p>
   </div>
   <div class='ocr_carea' id='block_1_9' title="bbox 84 5434 1851 5566">
    <p class='ocr_par' dir='ltr' id='par_1_13' title="bbox 84 5434 1851 5566">
     <span class='ocr_line' id='line_1_104' title="bbox 84 5434 1851 5562; baseline 0.001 -71"><span class='ocrx_word' id='word_1_872' title='bbox 84 5450 178 5492; x_wconf 87' lang='lat' dir='ltr'><strong>meam</strong></span> <span class='ocrx_word' id='word_1_873' title='bbox 196 5436 240 5492; x_wconf 84' lang='lat' dir='ltr'><strong>vis</strong></span> <span class='ocrx_word' id='word_1_874' title='bbox 254 5434 285 5492; x_wconf 90' lang='lat' dir='ltr'><strong>in</strong></span> <span class='ocrx_word' id='word_1_875' title='bbox 301 5437 389 5494; x_wconf 89' lang='lat' dir='ltr'><strong>domo</strong></span> <span class='ocrx_word' id='word_1_876' title='bbox 402 5442 465 5506; x_wconf 91' lang='lat' dir='ltr'><strong>tua,</strong></span> <span class='ocrx_word' id='word_1_877' title='bbox 482 5455 602 5512; x_wconf 88' lang='lat' dir='ltr'><strong>possum</strong></span> <span class='ocrx_word' id='word_1_878' title='bbox 618 5449 645 5500; x_wconf 92' lang='lat' dir='ltr'><strong>et</strong></span> <span class='ocrx_word' id='word_1_879' title='bbox 656 5445 742 5500; x_wconf 89' lang='lat' dir='ltr'><strong>verbo</strong></span> <span class='ocrx_word' id='word_1_880' title='bbox 750 5445 944 5517; x_wconf 77' lang='lat' dir='ltr'><strong>jubere3noli</strong></span> <span class='ocrx_word' id='word_1_881' title='bbox 1035 5509 1181 5562; x_wconf 49' lang='lat' dir='ltr'><strong>mmm</strong></span> <span class='ocrx_word' id='word_1_882' title='bbox 1200 5505 1255 5557; x_wconf 48' lang='lat' dir='ltr'><strong>End</strong></span> <span class='ocrx_word' id='word_1_883' title='bbox 1276 5501 1345 5556; x_wconf 46' lang='lat' dir='ltr'><strong>etEt</strong></span> <span class='ocrx_word' id='word_1_884' title='bbox 1378 5499 1464 5562; x_wconf 56' lang='lat' dir='ltr'><strong>imm</strong></span> <span class='ocrx_word' id='word_1_885' title='bbox 1484 5493 1739 5552; x_wconf 55' lang='lat' dir='ltr'><em>mmmmm</em></span> <span class='ocrx_word' id='word_1_886' title='bbox 1766 5488 1851 5555; x_wconf 80' lang='lat' dir='ltr'><strong>adja-</strong></span> 
     </span>
     <span class='ocr_line' id='line_1_105' title="bbox 1186 5530 1758 5566; baseline -0.012 -2"><span class='ocrx_word' id='word_1_887' title='bbox 1186 5544 1192 5557; x_wconf 84' lang='lat'><strong>·</strong></span> <span class='ocrx_word' id='word_1_888' title='bbox 1259 5544 1265 5555; x_wconf 88' lang='lat'>·</span> <span class='ocrx_word' id='word_1_889' title='bbox 1349 5538 1366 5566; x_wconf 85' lang='lat'><strong>·‚</strong></span> <span class='ocrx_word' id='word_1_890' title='bbox 1467 5539 1473 5553; x_wconf 89' lang='lat'><strong>·</strong></span> <span class='ocrx_word' id='word_1_891' title='bbox 1740 5530 1758 5557; x_wconf 62' lang='lat' dir='ltr'><strong>e</strong></span> 
     </span>
    </p>
   </div>
   <div class='ocr_carea' id='block_1_10' title="bbox 999 5555 1849 5698">
    <p class='ocr_par' dir='ltr' id='par_1_14' title="bbox 999 5555 1849 5698">
     <span class='ocr_line' id='line_1_106' title="bbox 999 5555 1849 5627; baseline -0.022 -4"><span class='ocrx_word' id='word_1_892' title='bbox 999 5577 1059 5625; x_wconf 79' lang='lat' dir='ltr'><strong>stoa.</strong></span> <span class='ocrx_word' id='word_1_893' title='bbox 1077 5575 1110 5624; x_wconf 79' lang='lat' dir='ltr'><strong>st</strong></span> <span class='ocrx_word' id='word_1_894' title='bbox 1123 5571 1185 5621; x_wconf 78' lang='lat' dir='ltr'><strong>iales.</strong></span> <span class='ocrx_word' id='word_1_895' title='bbox 1203 5570 1246 5620; x_wconf 87' lang='lat' dir='ltr'><strong>alii</strong></span> <span class='ocrx_word' id='word_1_896' title='bbox 1262 5582 1322 5619; x_wconf 91' lang='lat' dir='ltr'><strong>cum</strong></span> <span class='ocrx_word' id='word_1_897' title='bbox 1337 5569 1411 5624; x_wconf 77' lang='lat' dir='ltr'><strong>hor..</strong></span> <span class='ocrx_word' id='word_1_898' title='bbox 1421 5564 1549 5627; x_wconf 78' lang='lat' dir='ltr'><strong>adjuras:</strong></span> <span class='ocrx_word' id='word_1_899' title='bbox 1565 5559 1637 5625; x_wconf 86' lang='lat' dir='ltr'><strong>quod</strong></span> <span class='ocrx_word' id='word_1_900' title='bbox 1653 5569 1752 5610; x_wconf 87' lang='lat' dir='ltr'><strong>nomen</strong></span> <span class='ocrx_word' id='word_1_901' title='bbox 1762 5555 1849 5620; x_wconf 87' lang='lat' dir='ltr'><strong>ipsum</strong></span> 
     </span>
     <span class='ocr_line' id='line_1_107' title="bbox 1000 5634 1374 5698; baseline -0.019 -12"><span class='ocrx_word' id='word_1_902' title='bbox 1000 5637 1092 5687; x_wconf 83' lang='lat' dir='ltr'><strong>Lazari</strong></span> <span class='ocrx_word' id='word_1_903' title='bbox 1108 5641 1147 5687; x_wconf 77' lang='lat' dir='ltr'><strong>eet</strong></span> <span class='ocrx_word' id='word_1_904' title='bbox 1162 5634 1374 5698; x_wconf 83' lang='lat' dir='ltr'><strong>interpretatum.</strong></span> 
     </span>
    </p>
   </div>
   <div class='ocr_carea' id='block_1_11' title="bbox 116 5558 622 5675">
    <p class='ocr_par' dir='ltr' id='par_1_15' title="bbox 116 5558 622 5675">
     <span class='ocr_line' id='line_1_108' title="bbox 116 5558 622 5675; baseline 0.014 -62"><span class='ocrx_word' id='word_1_905' title='bbox 116 5560 126 5599; x_wconf 82' lang='lat'><strong>¹</strong></span> <span class='ocrx_word' id='word_1_906' title='bbox 140 5562 215 5625; x_wconf 68' lang='lat' dir='ltr'><strong>ilas,</strong></span> <span class='ocrx_word' id='word_1_907' title='bbox 232 5558 280 5675; x_wconf 47' lang='lat' dir='ltr'><strong>gai</strong></span> <span class='ocrx_word' id='word_1_908' title='bbox 293 5576 345 5616; x_wconf 80' lang='lat' dir='ltr'><strong>nors</strong></span> <span class='ocrx_word' id='word_1_909' title='bbox 358 5564 451 5617; x_wconf 82' lang='lat' dir='ltr'><strong>rident</strong></span> <span class='ocrx_word' id='word_1_910' title='bbox 464 5570 490 5616; x_wconf 82' lang='lat' dir='ltr'><strong>et</strong></span> <span class='ocrx_word' id='word_1_911' title='bbox 504 5568 622 5620; x_wconf 82' lang='lat' dir='ltr'><strong>credant.</strong></span> 
     </span>
    </p>
   </div>
   <div class='ocr_carea' id='block_1_12' title="bbox 113 5620 785 5698">
    <p class='ocr_par' dir='ltr' id='par_1_16' title="bbox 113 5620 785 5698">
     <span class='ocr_line' id='line_1_109' title="bbox 113 5620 785 5698; baseline 0.012 -22"><span class='ocrx_word' id='word_1_912' title='bbox 113 5620 219 5686; x_wconf 56' lang='lat' dir='ltr'><strong>’laem</strong></span> <span class='ocrx_word' id='word_1_913' title='bbox 253 5640 289 5691; x_wconf 71' lang='lat' dir='ltr'><strong>qa</strong></span> <span class='ocrx_word' id='word_1_914' title='bbox 305 5627 418 5682; x_wconf 78' lang='lat' dir='ltr'><strong>sentam.</strong></span> <span class='ocrx_word' id='word_1_915' title='bbox 433 5629 527 5681; x_wconf 84' lang='lat' dir='ltr'><strong>Crateri</strong></span> <span class='ocrx_word' id='word_1_916' title='bbox 543 5631 614 5696; x_wconf 87' lang='lat' dir='ltr'><strong>libri,</strong></span> <span class='ocrx_word' id='word_1_917' title='bbox 632 5634 683 5698; x_wconf 77' lang='lat' dir='ltr'><strong>Epo</strong></span> <span class='ocrx_word' id='word_1_918' title='bbox 699 5635 785 5686; x_wconf 79' lang='lat' dir='ltr'><strong>venio.</strong></span> 
     </span>
    </p>
   </div>
   <div class='ocr_carea' id='block_1_13' title="bbox 0 0 1982 6148">
    <p class='ocr_par' dir='ltr' id='par_1_17' title="bbox 0 0 1982 6148">
     <span class='ocr_line' id='line_1_110' title="bbox 0 0 1982 6148; baseline 0 0"><span class='ocrx_word' id='word_1_919' title='bbox 0 0 1982 6148; x_wconf 95' lang='lat' dir='ltr'><strong> </strong></span> 
     </span>
    </p>
   </div>
  </div>
 </body>
</html>
