3952 6150
118 158 189 216 22²3

608 150 843 220 QUAESTIONES
864 146 912 207 EX
933 145 1064 208 vereat
1081 145 1339 207 bastenburc.

1763 142 1835 207 affl

118 281 251 338 seiretse
276 275 461 351 septemplici
479 289 571 348 poena
603 266 723 333 multari
752 275 777 332 si
800 275 858 333 hoc
881 289 942 332 non
994 273 1170 346 Noatotsom
1183 271 1466 330 tmtimooiomdices:
1479 271 1681 340 aestumato-
1690 271 1835 345 mesph-

117 352 223 410 ritaret
238 366 245 406 t
259 349 371 422 utlegis
386 348 489 405 notitia
502 364 552 405 sex
575 347 680 420 plagas
702 347 826 405 adderet
851 361 943 419 supra
995 361 1035 403 ses
1048 344 1192 418 quidquam
1200 346 1323 418 proximi
1335 346 1380 401 toi
1391 343 1492 416 (amo.
1501 359 1552 411 xx,
1561 344 1651 416 3-l‘l).
1663 345 1738 401 linc
1751 343 1835 401 inse·

117 440 210 498 qrram
227 427 376 479 meruerat
390 422 473 485 Cain,
486 425 518 476 ut
547 435 615 474 cum
635 419 726 492 plaga
741 419 814 477 Cain
828 424 942 491 septem
995 418 1096 477 cunda
1112 417 1215 474 tabula
1226 418 1337 491 scripta
1348 418 1457 491 prebat
1470 416 1627 488 apostolus
1642 414 1772 482 Paulus,
1786 415 1834 472 di·

117 502 348 553 numerarentur
362 491 510 548 vindictae.
525 493 584 546 tloc
599 492 691 545 etiam
705 505 831 547 numero
845 505 944 547 remu·

996 505 1077 559 cens,
1100 489 1205 545 licaoro
1215 496 1326 560 patrem
1344 496 1370 544 ot
1392 493 1519 555 matrem,
1533 487 1604 560 qood
1616 488 1658 544 o'st
1671 486 1834 545 moram

118 566 244 623 nerandi
259 571 328 621 suut
349 565 400 690 pul
416 562 527 618 relictis
553 561 695 618 omnibus
718 562 878 618 Dominum
899 577 944 617 se·
992 562 1116 632 primum
1125 561 1156 615 ta
1167 561 1343 642 promissione
1352 559 1462 633 (tiphos.
1474 574 1512 626 vr,
1526 563 1565 632 ι).
1577 557 1747 626 Quomodo
1754 560 1835 618 enim

117 643 292 711 quantur,et
305 636 335 691 in

118 715 156 766 ost
170 709 279 781 siparum
292 705 362 778 qood
373 706 464 776 posuit
477 703 614 760 Dominus
631 705 660 760 ia
671 705 754 770 Cain,
768 722 801 762 ao
813 704 943 761 occideret

117 796 178 839 eum
192 780 281 835 omnis
292 778 340 849 qai
356 777 499 832 invenisset
512 792 570 831 eum
581 775 661 847 (Geor.
677 778 823 849 rutil-lb).
833 778 864 832 ln
877 792 944 858 par·

116 852 213 909 ricida
226 850 307 906 enirn
323 849 419 922 posita
438 848 485 904 lex
497 854 551 916 est,
561 854 593 903 ut
607 848 631 903 si
676 848 721 904 uis
747 848 944 905 homicidium

118 922 245 987 fecisset,
268 921 443 993 quiaomne
459 918 653 991 parricidium
689 920 864 976 omicidium
886 922 942 986 est,

118 1000 228 1066 septies
243 1007 312 1047 reus
328 997 415 1058 esset,
431 989 717 1062 quamlueratCaiu‚
735 997 766 1047 ut
777 990 932 1047 bacseveri

117 1069 175 1123 tate
203 1063 329 1120 erterriti
343 1062 498 1129 caeteri,ab
509 1061 605 1117 hocse
617 1060 750 1118 facinore
760 1061 943 1120 cohiberent.

151 1080 202 1192 Vi.1
219 1166 254 1176 -
266 1135 294 1191 Si
309 1135 437 1190 Lamech
447 1132 556 1215 occidit
571 1133 653 1214 Cain,
668 1132 746 1189 sicut
760 1133 908 1206 putatur?

153 1209 271 1264 Frustra
277 1206 335 1263 hoc
343 1211 455 1278 putent,
465 1220 518 1288 qur
527 1205 708 1261 arbitrantur
720 1205 803 1277 qnod
816 1202 944 1261 Lamech

116 1278 224 1335 dixerit
239 1278 277 1335 de
291 1279 373 1343 Cain,
389 1276 481 1333 Occide
496 1275 587 1331 ciram
599 1277 630 1331 im
648 1274 734 1332 tioore
748 1292 813 1347 meo,
829 1282 856 1332 ot
864 1277 945 1348 joce-

116 1367 175 1406 aom
185 1349 216 1404 io
229 1348 490 1405 antecameram
501 1346 620 1403 enimin
636 1349 742 1419 quinta
753 1349 945 1418 generatione

115 1429 204 1478 natus
220 1426 285 1477 erat
304 1419 432 1476 Lamech
448 1434 466 1475 a
480 1418 565 1485 Cain,
580 1419 679 1485 idest,
698 1418 735 1475 de
751 1419 945 1476 ltathusalem

116 1492 267 1564 abnepote
283 1492 366 1548 Cain.
389 1490 450 1547 Hoc
466 1498 565 1546 autem
589 1490 700 1545 idcirco
727 1493 946 1547 commemorat

114 1563 256 1631 Lamech,
278 1569 310 1618 ut
330 1561 500 1618 ostenderet
514 1561 612 1617 aerius
631 1561 860 1633 astringendum
875 1577 945 1618 eum

115 1636 167 1708 qui
184 1635 241 1690 sub
256 1634 448 1690 manifestata
462 1633 527 1703 lege
542 1634 769 1705 peccaverittlc
781 1648 838 1716 per
853 1634 910 1690 hoc
920 1633 945 1689 si

115 1711 184 1778 post
198 1706 269 1762 Cain
295 1706 323 1761 in
348 1706 529 1761 imitatorem
544 1705 608 1775 ejus
624 1705 734 1778 septies
759 1705 945 1762 vindicatum

115 1780 170 1839 est.
180 1775 472 1903 ‹irrentoampliusiu
482 1775 776 1832 eumvindicandum
791 1782 845 1850 est,
854 1792 946 1850 quem

115 1863 171 1904 nec
195 1853 293 1904 actum
311 1850 381 1904 Cain
395 1853 423 1903 et
433 1848 590 1919 correptio,
608 1862 662 1904 neo
677 1851 746 1921 post
758 1848 788 1903 in
800 1864 870 1905 eum
884 1850 947 1905 lata

114 1921 261 1976 sententia
272 1921 384 1984 terruit,
395 1924 426 1974 ut
442 1925 532 1974 atam
543 1919 637 1989 impio
651 1925 680 1974 et
690 1919 802 1976 crudeli
812 1918 946 1977 tacinore

116 1990 299 2047 voluntatem
311 1996 455 2047 averteret
467 1988 481 2046 t
495 1990 564 2046 Post
578 1991 649 2048 Cain
665 2005 737 2062 ergo
751 1991 880 2048 Lamech
888 1991 946 2048 hcc

114 2061 311 2119 homicidium
326 2060 518 2144 perpetravit,
538 2060 673 2134 quisine
695 2062 789 2119 dubio
810 2063 896 2134 juxta
910 2077 947 2119 ea

114 2148 183 2209 quae
199 2149 291 2207 supra
306 2134 386 2190 dicta
406 2137 485 2200 sunt,
500 2139 614 2204 septem
638 2133 785 2191 vindictas
798 2133 920 2191 exsolvit
936 2146 943 2189 :

115 2204 227 2278 etquid
239 2209 305 2277 post
318 2204 447 2261 Lamech
461 2205 488 2260 ei
503 2204 556 2277 qui
568 2205 625 2261 hoc
641 2210 761 2261 secutus
776 2204 888 2271 luisset,
902 2220 946 2261 es·

115 2282 160 2332 set
176 2277 319 2341 laturum,
334 2275 462 2332 ostendit
474 2276 587 2341 dicens,
604 2275 647 2332 lte
659 2275 772 2332 Lamech
786 2284 876 2334 cratem
889 2292 947 2348 sep-

115 2349 219 2419 taopiss
231 2350 326 2420 septies
337 2347 413 2420 (Gen.
424 2363 464 2416 rr,
478 2347 523 2414 23,
537 2347 594 2417 tt).
604 2348 639 2403 Ut
649 2349 721 2420 quia
738 2349 853 2406 malum
868 2363 946 2421 opus

114 2421 290 2493 poenitentia
304 2434 365 2475 uon
387 2419 593 2491 subsequitur,
617 2420 805 2493 septuaginta
831 2426 946 2493 septem

113 2491 273 2562 plagarum
285 2489 394 2546 ictibus
415 2489 547 2554 teriatur,
565 2491 646 2546 unde
661 2495 689 2546 et
705 2490 839 2548 Salvator
854 2491 945 2548 etiam

115 2560 285 2633 septuagies
299 2561 408 2633 septies
419 2563 566 2632 peccanti,
577 2577 723 2618 converso
730 2567 832 2619 tamen
840 2563 948 2618 remitti

118 2633 261 2706 praecepit
286 2632 397 2704 (blattis.
414 2647 497 2702 xvnr,
519 2632 575 2702 tt).
601 2632 657 2689 Sed
673 2648 710 2688 ne
728 2639 849 2706 putetur
872 2633 948 2690 alius

118 2710 187 2760 ante
204 2702 334 2760 Lamech
348 2702 546 2759 homicidium
567 2709 632 2773 post
648 2704 720 2759 Cain
742 2704 858 2771 iecisse,
899 2705 949 2761 uia

118 2774 203 2841 dixit,
218 2775 257 2830 De
272 2774 341 2830 Cain
356 2773 524 2830 vindicatam
536 2779 574 2829 est
587 2772 662 2845 (Gerr.
674 2790 714 2841 ιν,
734 2779 839 2840 timec.
855 2720 945 2848 uix),

115 2847 205 2973 guasi
220 2846 283 2917 J'am
299 2845 421 2902 tactum.
444 2845 571 2901 Lamech
584 2852 685 2903 autem
697 2846 735 2902 de
746 2862 777 2902 se
790 2846 946 2920 quomodo

139 2917 228 2973 iceret
252 2916 324 2988 quia
339 2914 523 2973 vindicatum
541 2917 570 2973 in
589 2931 659 2973 eum
672 2922 745 2984 erat,
761 2934 831 2975 eum
846 2918 946 2976 adhuc

114 3003 217 3044 reeens
230 2993 310 3043 esset
320 2987 527 3055 homicidium,
540 2988 623 3062 quod
638 2989 794 3046 confessus
809 2989 945 3047 lucratae

114 3058 222 3116 iecisse
236 3058 251 3114 t
265 3060 338 3116 Cum
354 3062 470 3115 constet
482 3074 572 3116 omne
585 3059 697 3117 laetum
712 3061 891 3119 sententiam
901 3076 946 3118 se-

115 3146 185 3188 cum
198 3130 319 3188 habere.
335 3130 464 3197 Quando
478 3132 560 3187 enim
573 3130 633 3188 alia
647 3147 718 3204 spes
731 3148 792 3188 non
806 3139 859 3203 est,
868 3149 946 3260 pree·

114 3207 252 3276 terquam
269 3202 352 3275 quod
367 3200 484 3274 expleto
499 3202 581 3274 operi
600 3203 728 3274 dignum
743 3205 844 3272 scitur,
882 3209 945 3261 utu·

114 3289 182 3330 rum
196 3289 251 3346 pro
261 3270 340 3330 iacto
354 3271 491 3331 babetur.
508 3275 640 3346 lienique
650 3274 763 3332 dictum
776 3281 821 3332 est
835 3275 905 3332 Adra
916 3281 945 3333 et

114 3345 194 3413 Evae,
213 3345 272 3412 Quo
283 3345 327 3400 die
340 3345 579 3413 mandacaveritis,
596 3352 680 3401 morte
693 3347 850 3403 moriemini
864 3346 944 3419 (Gen.

114 3433 145 3484 ιι,
160 3417 203 3490 lt)
218 3431 224 3472 :
241 3422 268 3473 et
282 3417 383 3488 utique
398 3431 459 3474 non
473 3419 570 3474 statim
588 3418 697 3474 mortui
713 3424 793 3488 sunt,
808 3419 860 3475 sed
876 3423 944 3491 post

114 3488 239 3560 longum
250 3489 392 3560 temporis
404 3489 592 3548 intervallum
608 3506 615 3546 :
629 3489 681 3546 sed
697 3490 844 3563 quiajam
859 3505 944 3563 spem

114 3560 346 3618 immortalitatis
372 3560 545 3626 amiserant,
574 3560 675 3616 lutura
701 3577 783 3618 mors
810 3577 944 3634 pressans

114 3632 196 3688 dicta
210 3638 264 3697 est,
277 3633 349 3704 quia
361 3631 425 3688 haec
436 3632 561 3704 coepitin
574 3648 628 3705 spe
639 3630 756 3689 baberi.
772 3633 863 3704 igitur
874 3648 943 3690 eum

115 3704 243 3759 Lamech
251 3703 393 3773 iuvenem
410 3719 441 3759 se
456 3705 603 3761 occidisse
613 3703 731 3770 fatetur,
745 3705 857 3762 etCain
868 3704 945 3763 sicut

116 3773 232 3839 claruit,
248 3789 344 3846 usque
357 3775 396 3830 ad
406 3774 463 3830 hoc
472 3780 590 3848 tempus
600 3775 756 3848 pervenire
769 3792 830 3833 non
839 3776 943 3850 putuit,

115 3850 166 3899 aut
183 3846 208 3899 si
222 3847 366 3915 pervenit,
388 3845 471 3917 quod
496 3846 682 3919 impossibile
698 3847 823 3918 videtur,
846 3848 945 3906 senior

116 3913 172 3970 luit
188 3929 196 3979 ;
212 3930 283 3970 eum
295 3931 354 3970 non
370 3916 486 3971 cecidit.

152 3985 213 4042 Vll.
233 4015 266 4025 -
281 3985 353 4051 Oura
368 3986 472 4043 decem
488 3987 578 4043 verba
591 3986 622 4043 in
642 3988 751 4045 tabulis
770 3989 841 4048 data
856 3991 916 4048 sint
935 4004 942 4058 ;

115 4055 307 4184 ιιιιιιῖἰιιςιιιιιι
334 4056 451 4124 tabula,
477 4073 545 4129 qum
567 4062 595 4114 et
621 4063 695 4131 quot
728 4060 820 4117 verba
834 4061 945 4119 habue-

115 4143 161 4185 rrn

152 4202 257 4255 llecem
273 4198 445 4267 sententias,
461 4199 564 4256 decem
577 4199 670 4257 verba
678 4200 841 4284 appellavit
854 4225 860 4258 ι
872 4204 945 4277 quia

116 4271 414 4327 etSalvatorsensum
424 4271 549 4327 verbnm
561 4271 751 4341 significavit,
760 4272 861 4329 dicens
869 4275 945 4332 inter

114 4348 221 4399 cetera
247 4342 432 4409 adluderes,
453 4345 653 4425 Interropooos
673 4350 698 4399 et
720 4361 766 4417 epo
782 4361 864 4402 rmum
885 4362 944 4402 oer-

116 4412 175 4469 bam
191 4414 367 4487 ‚·respondete
382 4414 453 4469 miti
471 4413 643 4486 :baptismos
655 4416 771 4473 loconis
789 4416 859 4473 uode
873 4425 943 4486 erot,

116 4485 215 4552 ecreto,
230 4503 267 4542 oa
277 4504 310 4541 oa
325 4486 598 4559 tomiaibasfflottt.
612 4503 671 4553 xxi,
687 4488 731 4561 tl)
746 4488 856 4545 illunc
879 4505 944 4546 sen·

117 4572 185 4612 sirm
197 4558 320 4614 verbum
336 4558 506 4631 appellavit.
521 4558 614 4615 Simili
631 4559 722 4616 modo
737 4566 766 4618 et
780 4560 810 4616 in
821 4559 943 4617 duabus

114 4628 225 4684 tabulis
253 4629 358 4685 decem
380 4629 473 4686 rerba
493 4631 603 4702 scripta
627 4629 869 4706 distintamque
894 4632 944 4689 de·

114 4712 180 4754 eam
205 4714 313 4755 sensus
335 4706 414 4756 sunt.
443 4702 574 4773 Denique
598 4701 678 4769 dicit,
695 4701 756 4758 Noa
770 4704 827 4759 siat
841 4702 891 4760 tibi
901 4703 944 4760 dii

113 4768 165 4824 otii
177 4776 281 4836 prater
294 4788 356 4828 me:
371 4773 503 4842 primum
514 4774 640 4828 verbum
656 4773 712 4829 hoc
725 4780 790 4830 est:
807 4782 834 4831 et
845 4775 944 4848 subje-

113 4840 152 4896 cit
165 4840 345 4909 secundum,
362 4842 424 4900 Noa
439 4843 584 4914 faciestibi
593 4844 683 4903 allam
695 4845 903 4902 simititodiaam
912 4847 943 4903 ia

112 4912 176 4969 ooelo
188 4928 305 4980 rursum,
322 4919 347 4968 st
363 4915 393 4968 io
409 4919 484 4970 terro
503 4915 637 4980 deorsum,
654 4932 736 4988 meque
751 4916 782 4971 ia
795 4934 870 4989 opero
883 4935 942 4990 qua

114 4992 151 5040 est
169 4983 218 5040 aab
238 4991 322 5040 terro.
346 4984 456 5041 Deinde
475 4986 584 5042 ad'ecit
597 4987 727 5055 tertiam,
744 4988 808 5043 Non
825 5005 944 5046 omamer

114 5072 208 5112 momen
222 5055 274 5112 Dei
288 5058 332 5113 toi
345 5058 375 5111 in
388 5072 496 5113 coeam.
541 5074 575 5112 on
587 5058 658 5113 enim
670 5059 810 5116 mandabit
820 5077 879 5118 eam
894 5062 943 5118 lto·

113 5131 214 5195 minos,
225 5131 273 5200 qui
286 5128 368 5186 sumit
380 5144 475 5184 momen
492 5129 587 5201 ejosin
602 5144 699 5186 ormam
713 5151 723 5189 :
739 5132 792 5188 hoc
807 5137 861 5199 est,
876 5134 942 5191 Non

115 5198 144 5255 in
161 5202 320 5257 mendacio
342 5216 453 5257 nomen
471 5202 520 5256 llei
540 5201 580 5257 tui
595 5216 747 5269 assumes,
763 5209 794 5260 ut
810 5203 943 5276 perjures

114 5285 167 5342 per
182 5271 266 5328 illud.
292 5273 402 5329 llehine
425 5278 533 5345 qrrarto
547 5271 614 5329 leco
629 5274 710 5340 dicit,
731 5274 875 5332 Sabbatum
891 5276 944 5333 Do·

114 5343 186 5396 mint
210 5344 261 5398 Dei
283 5344 327 5400 toi
349 5344 477 5410 semotis,
498 5352 523 5400 et
548 5360 602 5400 mor
625 5344 707 5417 scoies
730 5347 761 5402 im
783 5347 831 5404 illo
855 5348 941 5406 altam

114 5415 300 5494 opus-sorotis.
315 5416 379 5472 llaec
396 5422 526 5487 qrretuor
541 5416 634 5473 verba
651 5417 691 5473 od
713 5418 804 5475 Deum
821 5420 941 5492 proprie

113 5489 271 5607 Eertrnent,
287 5493 315 5542 et
331 5488 360 5542 ln
377 5488 476 5560 prima
490 5488 800 5546 tabulacontinentur.
819 5490 942 5564 llaliqna

137 5567 179 5607 aec
188 5561 258 5610 sunt
273 5572 279 5609 :
294 5560 422 5614 Primum
433 5560 557 5616 verbum
567 5565 620 5627 est,
632 5561 742 5618 lionoro
750 5568 855 5634 patrem
865 5569 941 5620 tuom

113 5630 138 5678 ot
151 5630 265 5678 matrem
280 5633 355 5681 taam
369 5648 379 5686 .·
394 5630 571 5697 secundum,
587 5632 649 5689 Non
663 5634 785 5690 occides:
806 5636 937 5705 tertium,

112 5694 375 5772 Noatoraicotsrtr:
385 5707 536 5774 quartum,
547 5702 611 5763 Noa
618 5705 757 5778 [orcistis
767 5708 938 5782 :quintum

365 640 452 690 utum
465 633 559 690 vitam
573 633 944 690 aeternamhabebuntdloc
996 638 1075 688 esset
1088 633 1230 704 primum,
1246 633 1303 688 nisi
1324 645 1355 689 m
1369 630 1504 688 secunda
1520 631 1625 688 tabula
1638 631 1685 688 ab
1697 630 1767 705 ipso
1777 646 1834 689 ete·

1019 708 1089 760 isset
1143 719 1161 759 n
1198 706 1377 760 remissione
1391 706 1516 760 autemr
1540 717 1575 759 eo
1610 709 1675 768 tort,
1691 707 1834 776 quaesta·

997 704 1026 786 ι’
1102 702 1195 787 tir
1304 702 1315 787 .'
1508 702 1538 758 a
1587 702 1647 759 a
1739 702 1746 715 '

997 780 1050 832 tim
1074 775 1131 830 sub
1144 782 1211 844 ecrt,
1229 774 1265 831 or
1284 791 1321 831 ιιι
1340 774 1476 846 tomam
1489 780 1710 846 superterram,
1729 781 1757 830 et
1774 773 1834 831 terr

996 847 1032 904 rit
1047 844 1113 928 tibi.¹
1128 791 1197 904 ilaec
1219 851 1265 902 est
1280 847 1443 919 promissio
1457 847 1538 903 lacta
1557 846 1594 903 iis
1608 846 1663 929 qui
1687 846 1833 929 mandata

996 916 1833 1073 {laert‘silcestrestrietiorem

997 1061 1709 1215 ⁸¹¹i⁸ri¹1¹ff⁸l⁸fiiibi⁰¹¹osssfflismaansa.
1732 1136 1833 1215 monte

997 1202 1191 1331 oufflmbim
1215 1202 1328 1261 vultum
1344 1201 1540 1277 splendidum
1557 1201 1669 1260 habuit
1691 1205 1722 1260 et
1735 1201 1833 1261 intole-

997 1290 1160 1428 reimaginata
1186 1344 1619 1428 ‘otestateinpaccstorescum
1629 1343 1833 1402 honoriticen-

1010 1432 1038 1474 ια
1072 1432 1193 1474 escant
1241 1430 1353 1474 emon
1386 1458 1394 1484 ,
1429 1429 1648 1487 aaregorrosa.
1717 1431 1832 1475 xensm

998 1419 1009 1474 t
1051 1416 1071 1473 d
1163 1359 1191 1473 si
1195 1417 1239 1472 td
1355 1420 1384 1473 te
1418 1416 1431 1473 t
1526 1417 1533 1470 l
1676 1416 1717 1473 Le
1794 1417 1800 1429 '

997 1495 1103 1547 contra
1117 1493 1289 1562 peccatores
1304 1487 1375 1545 data
1395 1492 1450 1544 eet.
1462 1490 1578 1561 ltoyres
1590 1502 1668 1559 ergo
1682 1489 1759 1561 quia
1774 1502 1833 1546 noo

998 1564 1183 1634 peccaverat,
1199 1558 1348 1632 gloriosus
1367 1561 1516 1632 apparuit,
1539 1559 1612 1616 etin
1631 1564 1756 1617 tantum
1771 1566 1834 1618 uta

998 1633 1207 1706 peccatoribus
1219 1630 1314 1687 videri
1329 1645 1390 1687 non
1426 1636 1518 1687 osset.
1533 1630 1700 1688 Ostentum
1710 1631 1835 1689 enimin

999 1718 1035 1760 eo
1049 1709 1106 1769 est,
1119 1703 1192 1776 quia
1203 1705 1378 1774 peccatores
1390 1646 1518 1784 giarium
1538 1701 1669 1784 [teincn
1682 1708 1834 1761 merentur

999 1774 1144 1846 aspicere.
1169 1778 1238 1831 Post
1251 1772 1449 1830 simulacrum
1471 1787 1553 1831 enim
1573 1772 1659 1830 vituli
1676 1772 1787 1841 insilis,
1808 1780 1835 1831 at

999 1847 1234 1904 contractionem
1248 1843 1418 1902 tabularum
1437 1844 1596 1919 inquibus
1610 1846 1685 1902 dota
1696 1845 1758 1903 hex
1771 1845 1833 1903 tue·

998 1921 1055 1985 rat,
1068 1933 1174 1974 rursus
1188 1916 1322 1974 ascendit
1336 1919 1452 1989 ltoyses
1470 1917 1500 1972 in
1513 1920 1650 1974 mentem
1665 1931 1740 1974 cum
1751 1916 1834 1975 tabu·

1000 1988 1047 2072 lis,
1062 1989 1219 2063 inquibus
1234 1994 1357 2070 accepto
1367 1988 1447 2070 'Lege
1461 2002 1531 2045 cum
1543 1988 1755 2055 descenderet,
1771 1988 1834 2072 glo·

999 2060 1833 2215 israeliticarum{litteratissime

1000 2219 1063 2277 ipse
1073 2207 1258 2276 peccaverat.
1267 2202 1515 2274 Sed·rnterposrto
1525 2203 1678 2260 velamine
1692 2201 1834 2276 loqueba·

1000 2281 1048 2332 tur
1069 2274 1206 2355 adillos,
1225 2278 1257 2331 ut
1274 2272 1388 2355 tamdiu
1409 2273 1526 2345 indigni
1539 2281 1640 2330 esrem
1655 2273 1757 2345 gloria
1774 2274 1832 2342 ltsi,

998 2346 1146 2420 quamdiu
1162 2348 1194 2402 in
1208 2354 1339 2429 peccatis
1352 2351 1543 2403 versarentur
1555 2344 1659 2416 (lisod.
1676 2361 1780 2413 xxxiv,
1789 2349 1831 2413 tt,

998 2417 1079 2544 no).
1093 2415 1176 2474 Unde
1188 2417 1259 2474 droit
1273 2423 1294 2473 Α
1339 2414 1443 2484 stolus,
1459 2415 1526 2473 Gom
1537 2432 1685 2474 concarrus
1697 2417 1831 2490 {maed

1026 2505 1095 2556 rom,
1104 2489 1249 2569 reserator
1260 2504 1291 2544 oe
1322 2486 1558 2560 maculemur,
1575 2491 1632 2562 lt),
1646 2489 1773 2547 utdonc
1784 2488 1831 2546 bet

1001 2558 1105 2626 abluti,
1119 2560 1203 2633 digni
1217 2560 1321 2617 tierent
1331 2558 1485 2616 intendere
1496 2559 1623 2630 gloriam
1637 2560 1702 2617 Dei.
1716 2561 1752 2618 ln
1766 2576 1832 2619 con·

1001 2632 1145 2689 fractione
1166 2632 1246 2688 enim
1268 2630 1453 2707 tabularum,
1473 2646 1551 2714 quas
1570 2637 1640 2713 ante
1663 2637 1829 2714 acceperat,

998 2704 1171 2785 iudeorum
1180 2701 1528 2786 populumreprobumrr
1573 2701 1830 2787 plicaviteoquod

998 2774 1830 2929 lttttttttttmt‘ttttttaalatuelle

999 2915 1829 2989 turussignificatusest,ourproficeretLexdatarnmonte.

1035 2990 1082 3072 Ιιι.Ι
1094 3020 1127 3032 -
1140 2988 1292 3071 ξιόιιιιιιι
1308 2991 1384 3044 lteus
1397 2987 1480 3045 bona
1491 2987 1559 3073 tecit
1582 2994 1613 3071 et
1633 2990 1725 3073 ratde
1739 2990 1828 3073 bona,

998 3059 1829 3215 tttttittolto:taeterrimum

998 3218 1072 3260 num
1084 3203 1143 3286 decr
1157 3203 1372 3285 absolutetnon
1384 3209 1478 3276 possit
1491 3200 1506 3257 t

1034 3274 1089 3330 Per
1098 3274 1217 3348 rdquod
1225 3274 1435 3332 multimodam
1443 3277 1590 3331 rationem
1602 3273 1826 3339 habentrerbs.

997 3343 1110 3403 iaciunt
1123 3347 1315 3420 questiones.
1329 3348 1403 3427 Nam
1416 3345 1440 3401 si
1450 3344 1629 3428 adcausam
1645 3346 1685 3403 de
1697 3362 1760 3428 qua
1770 3346 1827 3418 agi·

997 3416 1827 3588 tr:reseruati‘restitueretur-s

997 3560 1443 3688 illitteraturam
1456 3558 1828 3716 celeritatem

998 3717 1100 3759 mune.
1114 3702 1359 3776 Deniquel’etrus
1370 3702 1536 3776 apostolus,
1547 3701 1708 3773 commosse,
1721 3704 1825 3779 lnquit,

997 3780 1022 3829 et
1038 3774 1206 3832 immundam
1221 3791 1358 3847 remquam
1372 3774 1501 3832 iotroioit
1516 3774 1546 3858 im
1560 3789 1694 3856 comeam
1709 3776 1783 3849 (Art.
1797 3792 1824 3845 x,

995 3845 1099 3990 {titi}
1105 3845 1825 3992 perterricrepam,

996 4005 1050 4044 moa
1063 3997 1103 4047 cst
1116 3990 1212 4063 aalide
1226 3989 1330 4063 (dotat.
1341 4004 1382 4055 ru,
1396 3988 1454 4061 tt),
1464 3995 1493 4046 et
1507 3993 1610 4046 tamen
1624 4004 1692 4048 non
1703 3996 1752 4048 est
1766 4006 1827 4066 pee-

996 4066 1108 4118 catum.
1131 4062 1221 4119 Vides
1238 4076 1322 4133 ergo,
1337 4060 1409 4141 quia
1427 4075 1506 4117 nnus
1524 4061 1716 4134 atqueidem
1732 4077 1825 4120 sermo

996 4146 1057 4188 non
1069 4132 1176 4190 eadem
1189 4147 1309 4205 semper
1322 4132 1480 4206 significat.
1495 4131 1565 4189 ldeo
1580 4137 1698 4191 etcum
1712 4135 1825 4203 dicitnr,

996 4203 1174 4271 immundam,
1190 4202 1446 4262 considerandum
1460 4205 1575 4278 estque
1592 4217 1630 4260 ex
1646 4219 1745 4263 mura
1752 4206 1827 4263 dica·

996 4278 1045 4331 tur
1060 4291 1067 4343 ;
1084 4275 1157 4348 quia
1178 4275 1343 4360 aliquando
1366 4274 1406 4332 ad
1420 4275 1683 4348 comparationem
1699 4277 1825 4336 melioris

996 4345 1189 4404 immundum
1212 4348 1331 4429 dicitur,
1347 4345 1512 4473 aliquande
1526 4345 1566 4404 ad
1584 4361 1683 4431 opera
1707 4348 1826 4407 sordida

996 4417 1130 4484 retertur,
1144 4426 1176 4475 ut
1195 4418 1308 4475 malum
1324 4419 1394 4474 intel
1408 4426 1515 4490 igalur.
1532 4417 1618 4475 Nulla
1633 4420 1729 4491 igitur
1748 4420 1826 4478 subs·

997 4490 1090 4547 tantia
1101 4490 1382 4565 malum5quiaquea
1395 4505 1448 4562 per
1458 4489 1661 4547 substantiam
1671 4491 1827 4549 immunda

996 4560 1145 4629 dicuntur,
1162 4562 1202 4618 ad
1223 4561 1479 4634 comparationem
1494 4560 1773 4633 pulcherrimarum
1786 4578 1826 4621 re·

996 4647 1063 4689 rum
1083 4632 1242 4690 immunda
1256 4638 1337 4691 sunt.
1350 4634 1424 4689 Nam
1439 4638 1468 4691 et
1485 4632 1569 4690 canis
1591 4632 1776 4693 immundus
1788 4634 1826 4692 di·

995 4704 1071 4787 citur
1082 4705 1118 4762 ad
1126 4721 1223 4773 ovem,
1233 4711 1262 4762 et
1270 4704 1430 4778 plumbum
1440 4703 1752 4776 adcomparationem
1766 4704 1825 4765 auri

995 4777 1188 4860 immundum
1203 4774 1598 4859 est,atcorrosadparum,
1612 4782 1727 4862 etcum
1743 4780 1826 4836 unias

996 4845 1825 5004 citreapraecelleretsardicese

994 4992 1684 5146 mattathatttttlllltllltt
1699 5063 1768 5120 rra
1785 5064 1819 5118 ι.

994 5133 1065 5202 rael,
1082 5133 1164 5207 quod
1179 5139 1287 5217 quarta
1301 5148 1443 5207 progente
1457 5138 1563 5191 exituri
1579 5141 1683 5193 essent
1697 5135 1737 5192 de
1769 5139 1823 5217 ιε·

995 5209 1070 5263 state
1092 5206 1307 5279 AEgyptrorum
1325 5205 1402 5278 (doc.
1431 5220 1479 5271 xv,
1503 5209 1557 5272 lt,
1580 5220 1635 5263 eur
1662 5205 1722 5263 Lex
1768 5212 1821 5270 tort.

995 5275 1097 5343 Quinto
1108 5279 1236 5350 propertio
1249 5278 1377 5334 aeternat
1389 5274 1447 5349 fitis·
1455 5276 1531 5333 lsroa
1551 5275 1584 5332 de
1599 5283 1681 5334 terro
1693 5275 1823 5351 AEmtit

1029 5347 1181 5418 Quantum
1192 5350 1231 5405 ad
1241 5349 1335 5406 verba
1348 5350 1483 5422 pertinet,
1498 5347 1698 5406 videturesse
1711 5356 1822 5406 contra·

993 5421 1090 5491 rium;
1107 5421 1130 5477 si
1144 5431 1246 5478 aurem
1259 5436 1366 5478 sensus
1380 5419 1559 5494 requiratur,
1577 5420 1747 5479 invenietur
1759 5434 1820 5477 esre

993 5507 1054 5548 non
1067 5493 1179 5564 dispar.
1198 5493 1245 5549 Sic
1260 5494 1340 5549 enim
1362 5493 1421 5549 Lex
1435 5493 1576 5566 loquitur,
1592 5495 1655 5549 cta
1674 5490 1821 5564 diligenti·

992 5563 1050 5621 bus
1067 5570 1095 5620 et
1106 5563 1218 5620 sedulis
1234 5563 1468 5637 possitintelligi,
1486 5569 1517 5620 ut
1529 5562 1606 5621 ratio
1618 5564 1820 5622 veritatlsnon

991 5634 1163 5704 incuriosis,
1177 5636 1406 5694 sedscllieitisea
1418 5633 1622 5694 tardet-llam
1631 5633 1737 5710 utique
1747 5638 1818 5693 tiens

991 5705 1078 5777 dixit,
1103 5707 1209 5776 Quarto
1229 5708 1365 5784 mmmts,
1391 5710 1421 5769 et
1442 5708 1558 5783 loprae
1571 5705 1706 5783 scripsit,
1721 5704 1819 5776 Mt
