3952 6150
762 200 875 263 LlBElt
898 198 1118 266 stthNbUS.

52 224 140 287 tete
1741 211 1820 277 idid

55 352 266 430 pertinentium
281 346 363 405 vario
374 354 506 401 sermone
519 347 603 414 atque
613 338 793 396 carminibus
802 354 912 411 percre-
967 339 1082 412 plexum
1108 340 1172 412 ejus
1197 343 1348 400 brachium
1372 348 1487 402 snum?
1508 350 1540 404 Er
1556 349 1698 407 aracaeum
1713 352 1821 409 Domini

61 440 265 520 pasteribus
288 434 431 495 demonia
449 430 629 490 delectantur
646 446 653 486 :
683 429 760 487 unde
775 445 841 485 cum
857 429 912 485 isto
965 430 1014 486 cai
1026 431 1175 488 mactatam
1195 442 1234 489 est
1262 436 1339 506 (lsai.
1356 452 1415 503 rm,
1433 435 1484 508 tlt
1498 437 1576 509 quod
1591 445 1635 497 est
1650 442 1750 514 utique
1765 443 1821 499 00.

55 531 182 593 saturari
193 527 342 603 cupiebat,
356 524 467 597 aliquid
478 520 604 579 solidum
617 524 646 577 et
661 524 772 577 rectum
784 517 861 590 quod
877 518 912 574 ad
968 521 1066 578 minos
1088 529 1184 579 noster
1206 524 1294 580 Jesus
1313 526 1455 583 cbristus.
1471 528 1503 584 Et
1528 531 1666 588 osculatus
1677 535 1717 589 352
1729 532 1821 588 etrum,

55 621 269 683 bealemvitam
280 616 447 690 pertineret,
458 609 588 669 invenire
599 607 748 666 volebatln
758 607 913 676 talibus,et
968 610 1117 667 consolari
1133 612 1218 670 verbo
1233 615 1332 686 gratia
1348 614 1397 672 Dei
1413 617 1447 673 ad
1463 634 1545 690 spem
1556 618 1744 691 indulgentie
1760 637 1825 692 pea-

56 730 114 770 ncn
124 714 250 784 potarat.
265 708 326 765 lloc
336 714 379 764 eat
394 704 472 761 enim
484 702 560 775 quod
572 701 623 757 ait.
633 700 751 755 dinemo
766 698 812 754 itti
821 698 911 754 dabat.

91 804 124 858 ln
138 816 169 859 ae
183 807 275 856 samm
290 810 425 863 reuersae,
438 793 501 864 jam
516 788 672 848 seilicetab
682 789 724 845 eie
745 805 807 861 que
824 787 914 844 lorin-

56 907 147 947 secus
162 890 273 945 iruetra
286 884 414 942 illiciunt
427 885 454 938 et
468 880 623 949 seducunt,
635 878 664 934 in
676 877 857 935 conscientie
872 877 916 933 iu·

54 981 167 1037 teriora
176 978 311 1034 reducem
326 973 434 1031 taciens
444 968 633 1026 intentionem
645 983 707 1034 sue,
718 967 803 1034 dixit,
816 967 916 1035 Quanti

56 1070 228 1127 mercenarii
238 1068 268 1122 in
282 1065 360 1122 domo
372 1064 460 1135 patria
469 1059 525 1117 mei
535 1056 679 1116 obaeratam
688 1056 823 1131 panibus!
834 1056 915 1112 Unde

54 1159 113 1216 hoc
128 1159 207 1215 seire
222 1158 345 1230 poterat,
360 1153 390 1207 in
407 1166 464 1223 quo
480 1151 637 1205 eructante
652 1146 758 1203 oblivio
769 1147 828 1214 Dei,
840 1145 917 1202 sicut

55 1246 86 1302 in
101 1244 242 1303 omnihus
257 1237 416 1297 idololatris
430 1236 496 1305 luit,
512 1234 569 1291 nisi
586 1232 654 1305 quie
670 1234 727 1289 ista
750 1233 916 1305 recogitatio

54 1336 120 1407 jam
138 1332 339 1408 resipiscentis
350 1333 405 1400 est,
414 1345 480 1385 cum
492 1322 678 1398 Evangeliurn
692 1324 917 1396 praedicaretur?

56 1426 125 1482 tam
156 1424 235 1480 euim
261 1425 373 1496 poterat
389 1417 453 1474 talis
474 1415 704 1472 animadvertere
720 1414 828 1471 multos
844 1431 915 1486 prae·

62 1518 164 1574 dicare
173 1514 335 1583 veritatem,
347 1508 422 1567 iuter
432 1523 506 1581 quos
517 1506 635 1578 quidam
647 1509 746 1562 essent
756 1523 813 1562 non
826 1506 918 1578 ipsius

58 1621 159 1662 amore
174 1602 306 1660 veritatis
320 1599 410 1666 ducti,
427 1597 477 1654 sed
489 1595 915 1667 cupiditatecomparandurum

60 1694 245 1752 secularium
259 1689 488 1749 commodorum.
505 1686 545 1743 De
556 1685 785 1758 quibusdicebat
797 1686 918 1757 Aposto-

60 1785 117 1854 lus,
128 1798 194 1839 esse
206 1779 351 1855 quosdam
367 1777 417 1850 qui
433 1775 621 1848 Evangelium
633 1774 840 1830 annuntiarent
858 1792 917 1832 non

60 1878 140 1930 caste
172 1870 309 1942 (Philipp.
336 1886 356 1933 v,
381 1867 437 1938 17),
466 1864 665 1921 existimantes
685 1868 829 1935 questum
855 1880 919 1921 esse

59 1964 200 2034 pietatem
225 1960 247 2031 tt
262 1961 329 2015 iim.
350 1974 389 2025 vr,
411 1958 450 2028 5).
472 1955 535 2011 Non
560 1955 638 2009 enim
661 1953 739 2009 aliud
756 1954 918 2012 annuntia-

59 2054 141 2120 bant,
157 2050 236 2105 sicut
250 2045 394 2112 heretiai3
410 2044 460 2100 sed
477 2042 531 2099 hoc
546 2043 624 2113 quod
635 2039 784 2113 apostolus
799 2041 917 2114 Paulus,

61 2156 118 2196 non
150 2153 186 2194 eu
213 2141 313 2193 tamen
339 2134 437 2190 animo
457 2149 515 2205 quo
529 2130 678 2204 apostolos
692 2130 819 2187 Paulus:
842 2133 919 2189 unda

60 2234 89 2285 et
115 2225 292 2284 mercenarii
321 2230 398 2281 recte
419 2220 614 2294 appellantur,
631 2221 661 2276 in
679 2221 779 2277 eadem
800 2221 918 2294 quidem

61 2319 150 2374 domo
166 2316 304 2372 eumdem
320 2329 425 2387 panem
444 2311 526 2367 verbi
551 2314 708 2366 tractantes
724 2326 731 2376 ;
749 2326 804 2366 non
821 2315 919 2367 tamen

59 2410 87 2464 in
102 2405 307 2463 hereditatem
326 2408 463 2458 eternam
487 2401 591 2467 vocati,
608 2401 657 2457 sed
674 2399 827 2471 temporati
844 2416 918 2456 mer·

57 2499 126 2555 cede
142 2495 288 2552 condocti.
300 2494 339 2549 Da
348 2492 456 2548 talibus
468 2491 578 2546 dictum
590 2494 645 2561 est,
660 2489 754 2556 Amen,
764 2490 824 2546 atico
835 2491 918 2561 uobis,

56 2593 242 2661 perceperant
265 2582 415 2639 mercedem
438 2597 517 2636 raam
541 2580 646 2652 (ltattb.
663 2595 702 2647 vi,
718 2583 754 2650 2).
772 2581 824 2651 Epo
839 2597 917 2654 crgo,

57 2675 169 2748 inquit,
187 2675 232 2730 hic
245 2675 318 2737 {ame
330 2686 419 2742 pereo.
443 2670 550 2726 Deinde
560 2668 612 2738 ait,
624 2669 752 2739 Sarpam,
766 2670 920 2742 quiajace·

59 2767 108 2822 bat
125 2783 133 2820 :
150 2772 178 2821 et
188 2765 242 2833 ibo,
259 2763 325 2835 quia
335 2762 421 2832 longe
437 2761 536 2816 aberat
552 2776 559 2815 :
575 2760 723 2832 adpotrem
738 2776 838 2830 measa,
851 2761 921 2832 quia

60 2856 116 2912 sub
134 2854 268 2926 principe
283 2866 437 2923 porcorum
452 2854 523 2906 erat.
535 2849 643 2906 Cetera
653 2851 739 2905 verbe
750 2854 820 2906 sunt
832 2850 921 2921 poeni·

58 2943 185 3000 tentiam
216 2940 383 2997 meditantis
410 2939 439 2994 in
455 2937 636 2994 confessione
652 2937 770 3009 peccati,
790 2941 919 2995 nonduin

57 3039 158 3088 tamen
176 3031 302 3103 agentis.
316 3028 381 3086 Non
396 3028 473 3085 enim
485 3028 548 3098 iam
564 3026 636 3084 dicit
662 3027 746 3099 petri,
759 3028 809 3084 scd
827 3028 920 3084 dicto-

969 712 1111 769 catorum,
1128 702 1182 759 hoc
1195 707 1249 770 est,
1262 708 1327 774 post
1340 703 1427 776 longa
1447 705 1552 762 itinera
1572 713 1749 781 remeantem
1766 726 1824 767 me·

969 791 1026 847 reri
1041 808 1057 847 e
1073 797 1152 863 patre
1163 793 1296 849 osculum
1309 794 1468 851 charitatis.
1481 797 1515 852 tet
1525 798 1625 870 incipit
1633 800 1694 871 jam
1707 802 1824 872 peccata

969 880 1143 938 constitutus
1158 882 1188 936 in
1204 882 1333 939 Ecclesia
1344 885 1486 941 confiteri.
1498 886 1555 942 Nee
1570 887 1638 944 dicit
1649 889 1749 945 omnia
1759 905 1822 961 que

970 970 1115 1027 dicturum
1145 990 1176 1027 se
1204 986 1268 1028 esee
1298 974 1480 1044 promiserat,
1497 976 1547 1032 sed
1573 994 1667 1051 usque
1686 978 1722 1035 ad
1739 979 1823 1046 illud,

970 1061 1027 1117 Noa
1037 1077 1099 1117 sam
1113 1062 1212 1132 dipara
1227 1062 1319 1119 uocari
1328 1062 1404 1132 filias
1419 1067 1491 1121 taus.
1509 1065 1568 1123 lloc
1583 1067 1662 1124 enim
1686 1069 1748 1126 vult
1762 1068 1823 1127 lieri

970 1164 1022 1221 per
1031 1150 1230 1222 gratiamque
1241 1167 1271 1206 se
1282 1151 1435 1224 indignum
1450 1169 1513 1210 esse
1526 1170 1575 1226 per
1586 1157 1688 1212 merita
1701 1158 1821 1213 tutetur.

969 1237 1031 1295 Non
1046 1238 1126 1294 addit
1148 1241 1225 1310 quod
1250 1239 1280 1295 in
1304 1239 1353 1297 illa
1373 1243 1558 1300 meditatione
1577 1246 1697 1312 dixerat,
1714 1247 1767 1302 Fac
1782 1263 1825 1304 me

969 1329 1039 1383 sicat
1053 1344 1139 1383 anam
1154 1328 1187 1385 de
1200 1333 1378 1385 mercenariis
1388 1330 1453 1387 tais.
1471 1333 1542 1389 Cum
1558 1334 1635 1390 enim
1651 1351 1754 1406 panem
1765 1352 1822 1392 non

973 1415 1099 1484 haberet,
1115 1418 1159 1473 vel
1184 1421 1380 1476 mercenarius
1400 1436 1463 1479 essa
1491 1421 1646 1494 cupiebat:
1664 1425 1741 1496 quod
1758 1428 1825 1497 post

971 1506 1102 1563 osculum
1120 1507 1210 1581 patris
1225 1510 1448 1581 generosissime
1461 1512 1523 1582 jam
1538 1513 1721 1586 dedignatur.

1007 1594 1087 1652 Stola
1110 1597 1212 1667 prima,
1236 1601 1282 1654 est
1305 1599 1432 1671 dignitas
1461 1617 1549 1673 quam
1577 1602 1824 1672 pertimescam.

971 1684 1049 1740 Servi
1073 1685 1121 1756 qui
1147 1701 1208 1742 eam
1237 1687 1395 1758 proterunt,
1422 1690 1665 1747 reconciliationis
1682 1691 1826 1764 praediea-

973 1779 1057 1832 tores.
1074 1776 1247 1832 Anuulusin
1264 1794 1362 1845 manu,
1379 1779 1483 1851 pignus
1509 1781 1634 1855 Spiritus
1651 1783 1743 1840 suncti
1760 1798 1825 1849 pro·

972 1871 1037 1936 pter
1051 1867 1148 1938 gratia
1164 1867 1351 1939 partitionem
1368 1868 1389 1937 ¹,
1407 1887 1469 1941 qiim
1486 1870 1575 1944 digito
1587 1871 1659 1928 bene
1675 1872 1826 1945 signitica-

971 1959 1027 2011 tur.
1044 1956 1243 2013 Calceamenta
1264 1957 1293 2012 in
1311 1958 1408 2028 pedes,
1425 1959 1594 2031 preparatio
1609 1960 1826 2033 evangelizandi

973 2045 1073 2101 adnon
1085 2048 1232 2119 tangenda
1244 2051 1366 2105 terrena.
1380 2049 1491 2105 t'itulus
1502 2051 1660 2121 saginatus,
1677 2051 1825 2123 ipseidem

973 2134 1126 2202 Dominus,
1143 2135 1194 2191 sed
1209 2138 1371 2193 secundum
1388 2154 1502 2195 carnem
1515 2141 1637 2197 satiatus
1649 2139 1823 2213 opprobriis.

972 2227 1054 2291 Quod
1071 2232 1169 2284 eutem
1187 2229 1312 2300 imporat
1335 2233 1364 2284 ut
1387 2231 1534 2288 adducant
1557 2246 1634 2300 eum,
1650 2231 1718 2304 quid
1734 2230 1824 2300 aliud,

973 2315 1029 2372 nisi
1046 2321 1077 2371 ut
1092 2317 1246 2389 praedicent
1261 2334 1337 2384 euru,
1354 2322 1382 2374 et
1397 2319 1704 2376 annuntiandovenire
1719 2320 1826 2375 iaciant

973 2405 1002 2459 in
1020 2404 1158 2461 exhausta
1174 2406 1249 2462 ianm
1265 2406 1374 2464 viscera
1390 2406 1440 2462 lilii
1457 2405 1635 2463 esurientisi
1649 2406 1722 2463 Nam
1737 2407 1825 2463 etiam

974 2495 1149 2551 utoocidaut
1174 2511 1240 2551 cum
1262 2496 1359 2566 jubet,
1371 2496 1424 2553 hoo
1441 2500 1496 2566 est,
1514 2502 1545 2552 ut
1564 2500 1688 2552 mortem
1703 2496 1764 2566 ejus
1779 2496 1824 2550 in·

973 2586 1093 2643 sinuent
1110 2604 1116 2641 :
1131 2589 1198 2642 tune
1215 2586 1291 2642 enim
1309 2586 1413 2658 cuique
1424 2586 1578 2654 occiditur,
1590 2603 1656 2642 cum
1672 2587 1764 2643 credit
1777 2601 1825 2642 oe·

975 2674 1081 2732 cisum.
1104 2676 1134 2732 Et
1158 2677 1311 2747 epulemur,
1336 2675 1434 2747 inquit
1454 2673 1529 2731 :hoo
1542 2676 1577 2730 ed
1593 2674 1724 2730 laetitiam
1740 2672 1825 2743 valet,

974 2770 1092 2837 propter
1113 2764 1162 2820 illa
1187 2782 1251 2837 que
1273 2766 1486 2836 consequenter
1507 2763 1589 2832 dicit,
1606 2763 1675 2832 Quia
1691 2762 1736 2818 bic
1750 2761 1825 2831 filias

973 2870 1048 2910 meas
1062 2862 1186 2911 mortuus
1200 2861 1273 2923 erut,
1283 2864 1309 2909 et
1324 2856 1426 2910 revicit
1441 2851 1592 2925 ,perieram
1603 2859 1628 2909 et
1638 2854 1763 2908 inuentus
1774 2862 1824 2909 eat.

974 2945 1006 3000 lit
1019 2944 1082 2999 istae
1096 2942 1185 3015 epulae
1202 2948 1287 3015 atquc
1309 2943 1448 3001 festivitas
1468 2959 1544 2999 nunc
1567 2941 1760 3008 celebrantur,
1776 2955 1827 3013 per

973 3032 1072 3091 orbem
1088 3039 1227 3089 terrarum
1239 3033 1365 3089 Ecclesia
1380 3032 1499 3089 dilatata
1514 3036 1601 3104 atque
1614 3031 1728 3088 dillusa.
1745 3029 1827 3086 Vitu-

56 3138 124 3176 tum
141 3137 173 3177 εἰ)
191 3135 257 3176 0³⁵0
272 3117 416 3192 pwmiilil
430 3133 498 3175 cum
521 3116 641 3173 venerit·
659 3116 807 3188 intelligat
831 3117 920 3188 igilur
973 3123 1020 3180 lus
1035 3123 1112 3181 enim
1129 3124 1212 3179 illein
1225 3140 1343 3197 corporo
1354 3120 1691 3195 ctsangulncbominico
1702 3125 1731 3177 et
1742 3120 1825 3177 ollar-

60 3210 113 3265 hcc
140 3226 222 3264 ivurio
251 3208 453 3279 accipiendum
483 3223 548 3262 esse
571 3205 668 3262 venire
690 3207 724 3261 ad
749 3207 917 3277 patrem,in
976 3212 1539 3285 turPatri,etpascitt0ra111(tomum,

62 3298 194 3354 &flebit
214 3297 351 3353 tvnslilul
377 3313 429 3368 pet
452 3296 549 3361 fidem,
580 3296 705 3366 nbijam
736 3298 829 3367 possit
855 3314 920 3353 esse
1008 3301 1826 3374 Cuminteraamejorfilius,populuslsraelsecundum

59 3392 248 3458 precatorum
259 3386 392 3458 legitima
403 3390 431 3441 et
443 3386 591 3442 fructuosa
602 3385 755 3441 confessio.
766 3387 840 3453 Quid
852 3403 918 3458 crgo
973 3408 1098 3458 curnem,
1116 3410 1173 3448 non
1188 3393 1304 3462 quidem
1322 3392 1466 3462 proiectus
1482 3391 1510 3446 in
1527 3389 1716 3462 longinquam
1733 3387 1826 3459 regio·

62 3480 138 3548 patri
170 3478 321 3532 dicturum
351 3491 379 3531 se
399 3474 489 3530 (liciti
509 3476 919 3548 Paler,peccttvt'incoelttmet
974 3484 1116 3550 netn,eed
1133 3487 1230 3538 iernen
1247 3481 1275 3536 in
1292 3481 1508 3536 dornononust.
1525 3481 1554 3534 [n
1572 3494 1639 3547 agro
1656 3483 1753 3533 nutem
1770 3479 1823 3542 est,

57 3583 151 3622 eornm
168 3573 207 3633 te,
226 3569 327 3637 etjam
346 3580 398 3620 noa
418 3581 478 3620 sana
497 3564 598 3631 dignm
618 3566 716 3620 vocari
735 3564 812 3635 litias
830 3568 918 3633 laaa;
974 3573 1001 3628 id
1019 3581 1068 3635 ost,
1087 3569 1193 3642 inipso
1209 3568 1389 3624 haereditaria
1404 3566 1553 3638 opulentia
1568 3564 1688 3637 Legiect
1703 3561 1827 3634 Prophe·

57 3660 101 3727 {ec
115 3656 244 3712 metite!
256 3672 340 3711 teum
355 3655 388 3711 (le
403 3657 583 3711 mercenariis
601 3655 667 3710 luit·
684 3654 788 3710 Utrum
808 3654 863 3712 h00
875 3661 920 3713 est
972 3666 1068 3717 tarum
1086 3664 1202 3714 terrena
1217 3658 1313 3729 potius
1337 3659 1483 3726 operatur,
1499 3659 1527 3711 et
1543 3655 1572 3709 iu
1588 3653 1826 3726 quibuscumque

60 3747 180 3803 Petraei
194 3748 225 3801 in
236 3746 345 3811 coetam,
361 3744 435 3815 quod
462 3748 506 3799 est
530 3744 626 3800 Coram
637 3748 683 3803 te:
700 3753 729 3799 ut
750 3743 852 3800 omium
871 3762 918 3816 ap·
975 3749 1138 3805 israeliticis
1163 3745 1440 3802 considerationibus
1456 3745 1477 3799 ¹.
1504 3744 1576 3800 Nem
1600 3740 1682 3798 multi
1696 3741 1768 3798 tates
1781 3740 1827 3796 in·

63 3834 324 3907 prltaveritipsem
339 3833 536 3890 summitatem
554 3833 664 3889 Patris:
685 3834 762 3889 unde
776 3835 918 3890 estetiam
973 3839 1050 3894 venti
1076 3842 1145 3893 suut
1167 3837 1196 3891 iu
1217 3836 1270 3902 cis,
1286 3840 1314 3890 et
1338 3849 1413 3906 saepo
1436 3833 1634 3890 inveniuntur.
1650 3832 1777 3887 Veniens
1792 3829 1828 3886 de

62 3923 136 3980 illud
161 3925 191 3979 ³¹¹
224 3924 382 3989 l'ffllmssid
407 3938 514 3978 summo
533 3924 598 3978 coelt
624 3923 812 3994 tdtettwet'ttt
828 3922 917 3987 (Ptsst
973 3945 1041 4000 agro
1058 3927 1156 3983 domui
1178 3925 1372 3999 propinquare
1384 3924 1482 3996 coepit,
1498 3924 1526 3978 id
1542 3930 1595 3992 est,
1608 3922 1705 3979 labore
1716 3920 1828 3977 servilis

61 4038 148 4089 xviri,
161 4022 204 4092 tl,
219 4036 284 4076 curn
296 4020 331 4075 ab
357 4020 419 4092 ipso
444 4019 528 4076 Patre
551 4018 638 4075 vellet
652 4018 795 4091 intelligi?
809 4026 851 4075 hn
868 4037 918 4091 po·
973 4019 1067 4092 operis
1082 4018 1256 4090 improbato,
1276 4033 1309 4070 ox
1333 4016 1437 4071 iisdem
1463 4014 1621 4085 Scripturis
1640 4011 1772 4069 Ecclesia
1794 4010 1828 4064 li·

62 4112 141 4177 tius,
159 4113 269 4165 Paconi
279 4112 308 4166 in
321 4110 430 4178 crelam,
443 4126 540 4166 coram
556 4108 666 4164 sanctis
682 4109 796 4176 animis,
811 4110 840 4164 in
856 4109 923 4180 qui·
977 4109 1113 4165 bartatem
1126 4107 1329 4164 consideravit.
1346 4104 1435 4160 audit
1446 4103 1651 4176 symphoniam
1662 4100 1826 4169 eleborum,

63 4203 123 4258 bus
138 4203 186 4255 eet
201 4200 282 4256 sedes
293 4200 369 4256 Dei:
388 4202 485 4256 Coram
499 4203 524 4257 te
538 4205 647 4268 autem,
664 4197 768 4271 inipso
784 4199 924 4272 penetrali
977 4198 1087 4253 scilicet
1102 4197 1211 4268 Spiritu
1229 4193 1329 4266 plenos
1340 4193 1351 4227 ³
1363 4193 1481 4248 vocibus
1492 4191 1628 4248 consonis
1640 4187 1828 4261 Evangelium

64 4290 207 4347 interiore
221 4289 430 4347 eonscientiae?
978 4288 1159 4362 predicare:
1181 4285 1286 4357 quibus
1310 4283 1420 4338 dictum
1442 4286 1496 4348 est,
1520 4280 1631 4336 Obsecro
1648 4294 1702 4342 voa,
1716 4281 1830 4347 tratres,

101 4382 136 4435 Et
146 4394 264 4447 arrepens
277 4382 353 4435 uenit
366 4379 402 4435 ad
412 4385 520 4452 patrem
533 4395 623 4435 auam.
650 4378 718 4434 Cam
732 4382 823 4435 nartem
839 4379 926 4434 adbuc
977 4395 1025 4450 per
1036 4395 1136 4436 nornen
1158 4378 1270 4432 Domino
1294 4375 1382 4429 riostri
1404 4374 1465 4428 iesu
1482 4371 1595 4438 Christi,
1611 4377 1639 4426 at
1654 4367 1770 4440 idipsam
1784 4367 1829 4422 iti·

69 4470 251 4541 temperaret:
267 4475 424 4541 antequam
443 4468 620 4542 intelligeret
640 4468 741 4534 Deum,
762 4467 812 4523 scd
828 4473 924 4524 tamon
977 4470 1045 4524 cotia
1059 4483 1152 4523 orianes
1169 4467 1191 4534 t¹
1210 4465 1269 4521 Cor.
1287 4481 1307 4530 1,
1325 4463 1379 4532 10).
1397 4461 1487 4516 Audit
1511 4475 1628 4530 quoque
1647 4456 1830 4513 concorditer

69 4573 135 4613 cum
146 4559 209 4629 jam
226 4558 274 4630 pic
298 4562 447 4630 quareret,
473 4557 551 4614 Vidit
565 4558 646 4615 ittam
660 4563 740 4630 pater
755 4558 849 4630 ipsias.
866 4560 925 4613 lm·
979 4555 1214 4614 conversantium
1230 4553 1359 4610 animem
1374 4556 1402 4606 et
1426 4564 1474 4605 cor
1491 4564 1581 4603 unum
1607 4548 1636 4603 in
1652 4546 1752 4602 laudes
1768 4545 1829 4602 Dei.

69 4648 135 4719 pios
150 4647 232 4703 enim
248 4651 276 4702 et
292 4647 434 4721 superbos
446 4648 652 4704 convenienter
669 4664 726 4702 non
742 4646 839 4702 videro
854 4647 927 4704 dici·
979 4649 1068 4702 Vocat
1080 4662 1168 4700 arnum
1185 4640 1339 4706 deservis,
1359 4644 1386 4694 et
1414 4638 1573 4708 interrogat
1598 4652 1662 4708 qum
1685 4634 1735 4691 illa
1750 4635 1828 4691 sint:

69 4742 129 4803 tor,
159 4742 304 4810 tanquam
327 4746 392 4794 ante
415 4737 926 4795 oculosnonhabers:anteoculus
980 4737 1072 4797 sumit
1101 4735 1200 4806 utique
1226 4733 1260 4787 ad
1291 4727 1592 4803 legendumaliquem
1608 4725 1831 4798 Prophetarum,

68 4829 146 4883 enim
163 4828 277 4899 baberi,
293 4828 410 4885 nonnisi
432 4829 482 4901 qni
505 4827 678 4902 diliguntur,
694 4827 751 4884 dici
775 4827 877 4883 solent.
893 4831 929 4882 Et
980 4834 1009 4886 et
1023 4829 1052 4882 in
1067 4843 1101 4881 eo
1117 4839 1258 4896 quaerens,
1275 4818 1487 4892 quodammodo
1512 4818 1670 4889 interrogat
1686 4817 1761 4871 undo
1777 4815 1831 4869 ista

71 4919 266 4975 misericordia
280 4929 369 4976 motas
384 4923 440 4976 eat:
454 4923 479 4975 et
493 4935 639 4976 ocerirrena
661 4919 758 4975 cecidit
771 4934 852 4987 sarper
867 4918 923 4973 cot·
981 4921 1054 4975 testa
1070 4915 1097 4970 in
1114 4912 1240 4970 dantesie
1253 4910 1446 4978 celebrantur,
1457 4907 1486 4962 iu
1496 4921 1665 4978 quasecsse
1677 4921 1734 4961 non
1745 4904 1830 4958 videt..

71 5010 129 5064 lam
140 5011 212 5074 eins.
223 5008 286 5065 Non
296 5009 372 5066 enim
385 5009 468 5065 Pater
478 5008 659 5079 unigenitum
671 5008 775 5065 Filium
787 5008 916 5065 descruit
982 5007 1146 5079 ltrspondet
1161 5004 1186 5059 ei
1202 5018 1300 5058 servus
1317 4998 1407 5072 putris
1424 4997 1567 5070 propheta
1583 5013 1589 5052 :
1606 5001 1703 5053 Frater
1716 5000 1779 5047 tuas
1791 5008 1832 5047 vc·

71 5097 99 5152 in
116 5112 175 5168 qno
194 5097 339 5169 usquead
356 5105 479 5154 nostram
494 5095 682 5170 longinquam
699 5097 784 5151 etiam
798 5097 928 5168 peregri·
982 5103 1033 5165 vrit,
1049 5106 1073 5154 et
1088 5094 1186 5151 occidit
1199 5095 1277 5165 grater
1293 5102 1355 5149 tuas
1374 5089 1490 5183 vitatum
1514 5087 1678 5157 captivatam,
1694 5083 1760 5153 qaia
1771 5080 1832 5135 sat-

71 5187 223 5289 ·nafionf‘m
246 5187 378 5242 cucurrit
401 5195 488 5259 mque
503 5186 672 5290 &conditi
689 5185 758 5257 qnia
773 5185 848 5240 Deus
868 5190 929 5242 emt
1018 5244 1113 5299 ¹Lov.,
1127 5239 1364 5306 participationem.
1386 5238 1437 5286 atti
1454 5234 1567 5292 codices,
1584 5229 1750 5292 partitionem
1760 5244 1769 5278 :
1781 5243 1834 5280 mo·

71 5294 100 5333 m
111 5275 234 5332 Christo
247 5276 392 5334 mundum
408 5278 598 5334 reconcilians
617 5277 673 5333 siba
688 5276 725 5344 (ll
743 5275 802 5332 Cor.
818 5292 846 5342 v,
861 5277 905 5346 19)
921 5294 927 5332 :
984 5309 1044 5365 lim,
1061 5307 1098 5356 uti
1114 5318 1202 5367 mma,
1219 5307 1313 5367 quast.
1329 5301 1367 5350 ῃ,

73 5374 98 5422 et
128 5366 194 5438 ipse
223 5365 365 5423 Dominus
394 5367 444 5437 ait,
465 5368 545 5423 Peter
559 5367 590 5422 in
605 5383 643 5423 me
664 5366 930 5437 moneasipaelncit
1016 5370 1083 5420 isia
1095 5371 1151 5418 ttaa
1165 5372 1191 5417 et
1205 5371 1300 5430 fruator
1316 5366 1376 5412 tiss.
1393 5362 1434 5409 itt.
1450 5359 1511 5406 Am.
1531 5359 1557 5405 et
1571 5354 1624 5410 Er..
1640 5355 1835 5406 israeliticam-

75 5473 157 5528 oiieru
173 5472 224 5511 aaa
241 5457 332 5528 (teari.
358 5474 413 5526 xiv,
432 5456 486 5530 10).
504 5456 575 5521 Ouid
595 5462 755 5527 ementem,
770 5472 857 5529 super
872 5455 930 5512 col·
986 5431 1277 5551 {ffigl‘ffffurffissffi'g}
1284 5417 1709 5536 ffgffiiissss'gssffssffiff'mum'
1722 5420 1768 5470 Μ’
1788 5420 1834 5468 ³¹¹¹

77 5546 137 5602 lum
157 5547 225 5616 ejus
239 5549 354 5616 cadero,
370 5547 425 5604 nisi
448 5547 589 5605 inclinare
612 5550 640 5602 et
655 5545 809 5602 humiliare
823 5547 851 5601 in
862 5563 928 5603 am·
1016 5562 1026 5594 a
1041 5560 1100 5609 Rvet.
1117 5560 1142 5606 et
1157 5555 1210 5604 uua
1226 5555 1299 5612 aava,
1313 5547 1417 5612 Spiritu
1431 5547 1524 5596 saneto
1536 5542 1633 5610 plenos.
