3952 6150
849 244 964 305 LIBER
986 240 1203 305 SECUNDUS.

615 502 899 613 habult
954 496 1467 610 SECUNDUS.

672 679 840 739 Quoertiones
854 678 882 728 in
901 673 1075 738 Evangeliam
1096 674 1244 727 seeundum
1259 678 1364 728 bucam.

924 776 978 825 θ
990 773 1099 823 -00-

171 914 282 979 Quasr.
308 912 330 970 l.
350 912 427 981 [Luc.
452 926 512 982 cap.
528 926 548 976 1,
565 911 582 979 i
599 910 641 976 13,
656 911 714 982 ²⁰23
740 911 817 975 Quod
837 911 990 968 Zacharias

135 1018 227 1057 orans
243 1017 295 1075 pro
310 1000 428 1075 popule,
449 999 530 1057 audit
544 1000 580 1055 ub
595 999 707 1072 angelo,
726 1002 860 1056 &nuilite
874 1008 913 1057 est
923 1018 988 1057 oru-

133 1094 173 1146 tio
189 1100 256 1153 tuo:
271 1107 330 1148 ecce
354 1088 495 1147 Elisabeth
509 1104 580 1147 uuor
595 1098 640 1146 tua
662 1090 796 1162 concipiet
810 1099 836 1147 et
849 1090 939 1162 pariet
956 1092 991 1163 fi·

133 1183 216 1249 tium,
230 1189 257 1237 et
271 1181 379 1238 uocabit
402 1195 502 1237 nomeu
515 1180 575 1252 ejus
598 1181 752 1244 isaacem:
767 1179 861 1252 primo
877 1180 932 1239 hoo
945 1189 991 1238 at·

133 1272 314 1328 tendendum
330 1274 387 1339 est,
404 1271 544 1342 quianon
561 1276 604 1325 eat
619 1269 785 1340 verisimile,
803 1275 834 1326 ut
857 1287 924 1326 eum
940 1288 991 1342 pro

133 1359 239 1432 populi
255 1359 383 1433 peccatis
403 1361 447 1416 vel
463 1361 559 1416 salute
573 1359 617 1416 vel
634 1359 831 1432 redemptione
848 1360 895 1417 ille
909 1361 993 1417 oder·

133 1458 189 1515 ret,
205 1450 231 1506 si
250 1451 369 1523 quidem
385 1448 511 1523 populus
526 1465 591 1506 curn
607 1450 793 1523 exspectabat
811 1451 991 1520 ollerentem,

134 1538 217 1611 quod
230 1541 355 1612 potuerit
369 1541 477 1599 relictis
488 1539 612 1613 publicis
627 1540 700 1597 rotis
715 1540 802 1597 homo
813 1557 911 1608 senex,
924 1556 992 1597 uso·

134 1645 199 1687 rem
216 1631 329 1689 babeas
344 1646 445 1701 anum,
459 1648 511 1704 pro
523 1630 700 1702 accipiendis
720 1630 786 1687 litiis
801 1647 881 1688 orare
895 1649 902 1688 :
918 1646 990 1703 prae·

132 1722 238 1778 sertim
251 1720 321 1793 qnia
338 1736 424 1777 nemo
438 1724 503 1777 orat
513 1720 653 1792 accipere,
672 1721 749 1791 quod
761 1736 792 1776 ao
803 1725 990 1793 accepturum

135 1810 364 1883 essedesperat;
382 1811 560 1882 usqueadeo
572 1815 669 1866 autem
686 1809 734 1865 ille
749 1811 811 1880 jam
828 1826 858 1867 sc
874 1811 991 1867 habitu-

134 1918 204 1957 rum
235 1900 312 1957 lilios
337 1900 520 1972 desperabat,
546 1904 578 1955 ut
601 1899 780 1971 hocangelo
808 1900 990 1972 promittenti

133 2009 194 2051 nen
212 1991 351 2048 crederet.
364 1991 435 2062 Ergo
447 1989 559 2062 quodsi
571 1989 687 2057 dicitur,
699 1990 837 2045 Exaudite
851 1993 990 2049 eucratio

133 2093 196 2151 tuo,
213 2098 264 2155 pro
280 2083 387 2154 populo
399 2080 620 2152 intelligendum
632 2085 695 2137 cst:
712 2081 794 2152 cujus
807 2083 905 2153 populi
921 2099 991 2154 quo·

131 2179 215 2235 niam
232 2175 313 2233 salue
328 2178 357 2232 et
382 2173 543 2247 redemptio
558 2178 587 2230 et
601 2179 784 2245 peccatorum
809 2174 925 2231 abolitio
940 2192 991 2248 per

134 2268 286 2325 christum
310 2265 409 2323 lutura
424 2271 495 2335 erat,
513 2265 617 2322 adhoc
634 2265 780 2321 nuntiatur
794 2265 938 2321 Zachariae
954 2266 988 2321 ll·

131 2360 193 2416 lius
210 2357 387 2426 nasciturus,
402 2355 473 2428 quia
487 2371 646 2428 precursor
657 2356 761 2413 Christi
775 2357 989 2413 destinabatur.

131 2448 219 2513 Quod
236 2449 337 2503 autum
353 2446 380 2502 ei
396 2462 454 2502 non
466 2446 713 2515 credentiaogelo,
727 2446 763 2501 ab
774 2447 876 2502 codem
887 2445 989 2518 angelo

131 2538 255 2606 dieitur,
272 2538 303 2591 lu
316 2551 377 2593 eree
395 2535 452 2592 eris
474 2540 569 2592 lucens
588 2536 673 2592 detrec
698 2537 864 2607 impleantur
878 2536 934 2592 trec
958 2540 988 2592 iu

132 2637 259 2698 tempore
273 2623 567 2698 ruo,intclligendum
578 2624 813 2697 estsignillcasse
828 2627 905 2698 quod
923 2643 989 2698 pro·

131 2716 238 2790 pbetia
247 2730 337 2787 usque
347 2715 383 2771 ad
397 2718 554 2782 loannem,
567 2719 706 2787 tanquam
722 2733 738 2772 a
753 2732 824 2774 sono
836 2716 932 2773 sileret
942 2718 989 2773 in·

133 2805 301 2878 telligibili;
318 2803 460 2878 quianon
476 2810 519 2861 est
534 2803 692 2872 Intellecta,
717 2806 808 2862 donec
822 2805 853 2862 in
868 2805 990 2865 Domino

135 2895 343 2967 compleretur.

169 2987 208 3041 ll.
224 2984 281 3057 [lb.
297 3000 324 3055 r,
340 2984 433 3055 3-1r.]
455 2983 537 3048 Quod
555 2986 695 3043 Dominus
710 2988 745 3045 de
760 2988 893 3046 navicula
907 2990 992 3047 docet

134 3075 252 3142 turbas,
269 3072 442 3146 significarit
457 3074 511 3131 hoe
527 3081 648 3149 ternpus,
665 3079 782 3149 quando
799 3079 940 3137 Dominus
955 3081 990 3138 de

132 3165 309 3221 auctoritate
335 3163 470 3222 Ecclesia
500 3166 583 3223 docet
607 3173 717 3239 gentes.
744 3171 823 3234 Quod
847 3171 991 3228 Dominus

132 3253 287 3309 ascendens
301 3251 332 3308 ia
347 3255 451 3320 neuim,
462 3270 521 3326 puae
532 3264 590 3311 erat
604 3259 694 3324 Petri,
711 3266 789 3329 repat
804 3275 868 3315 eum
883 3277 900 3314 o
913 3265 990 3316 terro

130 3343 265 3398 reducere
284 3342 432 3414 pusillum,
448 3343 597 3416 significat
611 3346 654 3403 vel
670 3352 830 3419 temperate
850 3350 991 3406 utendum

132 3433 224 3489 verbo
239 3432 275 3488 ad
291 3431 403 3501 turbas,
416 3441 446 3488 ut
457 3449 510 3490 nec
520 3438 636 3492 terrena
651 3436 694 3493 eis
710 3437 920 3510 praecipiantur,
938 3455 990 3497 nec

132 3524 178 3580 sic
195 3538 213 3577 a
227 3521 352 3578 terronis
368 3522 397 3580 in
412 3523 601 3594 profundiora
609 3533 858 3584 sacramentorum
872 3530 989 3586 receda-

133 3617 195 3678 tur,
212 3611 411 3684 uteapenitus
423 3629 481 3670 aon
493 3613 675 3687 intelligant:
693 3618 735 3673 rel
752 3617 833 3690 prius
850 3618 879 3675 in
896 3619 992 3689 proxi-

135 3697 195 3755 mis
210 3696 377 3765 regionibus
391 3699 528 3771 gentibus
540 3702 757 3772 predicandum
771 3721 778 3771 ;
791 3708 823 3760 ut
834 3708 910 3777 qnod
923 3706 994 3762 dicit

134 3788 207 3843 item
234 3789 331 3857 Petro,
356 3787 412 3843 Duc
436 3787 466 3844 iu
487 3790 585 3860 ullum,
604 3800 630 3847 st
646 3793 737 3849 locate
756 3796 826 3849 retia
848 3803 940 3851 uestra
963 3798 992 3850 r'rr

132 3883 298 3949 captarum,
313 3876 350 3932 ad
366 3878 534 3935 remotiores
556 3885 667 3951 gentos,
684 3882 790 3953 quibus
806 3890 907 3958 postea
922 3901 994 3957 prae·

136 3965 268 4021 dicatum
286 3973 339 4036 est,
360 3967 521 4038 pertineat:
538 3969 625 4026 sicuti
645 3971 735 4028 lsaias
753 3972 834 4042 dicit,
862 3975 932 4031 Tolle
951 3976 994 4030 ri-

139 4070 227 4121 parum
241 4056 269 4109 iu
284 4063 387 4126 qeutes,
403 4057 443 4113 od
457 4072 503 4114 ees
513 4076 572 4130 pure
583 4075 677 4133 prope,
690 4069 715 4118 et
730 4062 766 4117 cd
780 4079 831 4119 eus
841 4080 904 4135 quae
914 4065 995 4133 touqe

137 4144 214 4209 (lsai.
232 4157 300 4212 auu,
318 4144 362 4210 to,
378 4148 404 4200 et
420 4162 486 4213 arri,
502 4148 558 4219 llll.
576 4147 612 4204 Ut
626 4151 704 4222 quod
720 4152 808 4209 etiarn
829 4153 900 4209 retia
912 4169 994 4209 rum-

132 4232 281 4304 pebantur
296 4233 520 4308 pisciumccpia,
532 4243 560 4294 et
571 4239 708 4295 navicula
725 4241 850 4313 implete
865 4242 994 4313 aunt,ita

132 4326 168 4377 ut
183 4327 396 4394 mergerentur,
411 4324 558 4397 signillcet
569 4326 724 4386 bominum
742 4332 905 4388 carnalium
920 4331 993 4389 mul·

1046 917 1153 974 cadens
1167 917 1203 972 ad
1219 915 1307 987 pedes
1319 912 1435 970 Domini
1448 928 1455 979 ;
1468 925 1564 967 mores
1575 915 1672 966 autem
1684 910 1712 966 in
1726 926 1758 967 eo
1767 909 1843 982 quod
1853 907 1900 965 di·

1045 1007 1097 1071 ait,
1124 1005 1177 1062 lici
1200 1023 1217 1060 o
1242 1020 1296 1073 irre,
1326 1005 1450 1071 Domine,
1483 1001 1550 1071 qaia
1578 1003 1704 1072 peccator
1728 1000 1806 1057 tremo
1829 1015 1900 1055 sum.

1046 1094 1125 1159 Quod
1141 1099 1239 1151 tamen
1255 1093 1322 1165 quia
1333 1108 1389 1149 non
1401 1091 1468 1148 lecit
1477 1088 1621 1147 Dominus
1632 1107 1640 1159 ;
1653 1105 1709 1146 non
1721 1089 1800 1146 enim
1812 1103 1900 1146 reces-

1046 1184 1083 1241 sit
1097 1184 1133 1240 ab
1149 1185 1202 1253 cis,
1218 1183 1270 1241 sed
1284 1200 1332 1240 ecs
1347 1180 1500 1238 subductis
1523 1179 1643 1236 navibus
1667 1180 1702 1236 ad
1728 1179 1807 1237 littus
1831 1194 1901 1251 per-

1045 1273 1146 1343 duxit3
1172 1273 1320 1346 signifieat
1338 1271 1368 1327 in
1384 1270 1470 1327 bonis
1485 1276 1512 1325 et
1527 1267 1726 1340 spiritualibus
1746 1267 1816 1325 viris
1838 1284 1898 1325 nou

1046 1380 1109 1420 esse
1123 1368 1256 1435 oportere
1271 1362 1346 1418 banc
1357 1359 1548 1425 volunlatem,
1563 1362 1594 1414 ut
1605 1356 1731 1429 peccatis
1744 1358 1900 1416 turbarum

1046 1454 1193 1522 commoti,
1210 1470 1267 1525 quo
1283 1468 1367 1524 quast
1387 1449 1518 1507 securius
1534 1445 1776 1518 tranquilliusque
1789 1446 1899 1518 vivant,

1046 1558 1154 1599 munus
1173 1541 1405 1599 ecclesiasticum
1421 1540 1565 1596 deserant.
1587 1535 1668 1604 Quod
1681 1550 1748 1607 ergo
1761 1535 1901 1593 subductis

1046 1633 1081 1689 ort
1105 1643 1208 1689 terrem
1223 1632 1349 1697 uocibus,
1373 1628 1477 1687 relictis
1502 1626 1628 1685 omnibus
1648 1626 1734 1682 secuti
1751 1633 1817 1682 suet
1836 1642 1902 1684 eum

1046 1728 1149 1781 Petrus
1160 1734 1187 1782 et
1197 1725 1324 1781 tacebas
1335 1726 1363 1780 et
1374 1723 1512 1788 ioannes,
1524 1720 1619 1792 potest
1629 1715 1795 1789 significare
1810 1717 1898 1774 finem

1045 1816 1197 1887 temporis,
1214 1830 1272 1887 quo
1284 1814 1320 1869 ab
1335 1812 1426 1883 hujus
1450 1809 1554 1866 rnundi
1569 1807 1640 1876 salo,
1657 1806 1705 1878 qui
1722 1805 1836 1864 Christo
1851 1806 1899 1865 in·

1046 1904 1193 1971 haeserint,
1210 1903 1327 1977 penitus
1341 1900 1483 1960 recessuri
1499 1903 1578 1956 aunt.

1081 1995 1119 2050 lll
1136 1996 1187 2063 [lb.
1204 2012 1230 2063 v,
1248 1996 1304 2066 lh]
1324 1994 1404 2058 Quod
1429 1991 1571 2049 Dominus
1587 1989 1659 2048 dicit
1680 1990 1793 2064 leproso
1808 2004 1900 2047 muu-

1046 2085 1131 2142 dato:
1160 2085 1239 2152 Vade,
1263 2086 1375 2142 orteurte
1390 2091 1416 2141 te
1430 2082 1578 2151 secerdoti,
1593 2092 1620 2140 et
1634 2087 1701 2158 otl'er
1723 2099 1826 2140 ruerus
1849 2098 1902 2154 pro

1045 2175 1243 2231 emundatione
1255 2180 1312 2242 tue,
1323 2175 1394 2231 sicat
1400 2177 1531 2247 pracepit
1539 2179 1655 2247 dioeces,
1667 2178 1698 2233 iu
1710 2176 1901 2232 testimouium

1046 2263 1124 2326 illia:
1139 2264 1187 2320 hie
1212 2264 1326 2320 ridetur
1350 2264 1511 2336 approbare
1535 2264 1725 2335 sacrificium,
1752 2262 1830 2336 quod
1850 2276 1902 2334 per

1045 2357 1160 2428 ltopsen
1176 2363 1350 2426 praeceptum
1366 2359 1421 2425 eat,
1437 2371 1503 2411 cum
1524 2354 1554 2410 id
1570 2372 1628 2411 non
1644 2355 1785 2427 receperit
1799 2353 1900 2410 Eccle-

1046 2446 1097 2501 sia.
1115 2446 1197 2510 Quod
1209 2447 1271 2501 ideo
1284 2445 1411 2516 jussisse
1422 2444 1544 2516 intelllgi
1558 2449 1664 2516 potest,
1681 2445 1752 2516 quia
1767 2443 1900 2500 nondum

1045 2549 1110 2592 esse
1125 2538 1252 2607 caeperat
1267 2535 1442 2591 sacrilleium
1459 2534 1598 2590 Sanctum
1623 2538 1805 2602 sanctorum,
1819 2529 1899 2603 quod

1046 2641 1150 2697 corpus
1165 2625 1228 2695 ejus
1244 2629 1299 2681 est.
1314 2623 1450 2680 Nondum
1466 2622 1544 2679 enim
1556 2623 1585 2678 in
1604 2622 1740 2695 passione
1754 2620 1901 2678 obtulerat

1045 2716 1249 2774 holocaustum
1265 2732 1365 2785 suum,
1377 2731 1434 2787 quo
1448 2714 1590 2772 sacritleio
1602 2712 1774 2770 confirmato
1789 2710 1819 2768 iu
1835 2725 1899 2767 cre·
1951 2744 1958 2751 -

1046 2806 1182 2863 dentibus
1203 2806 1327 2878 populis,
1357 2804 1498 2877 templum
1513 2805 1610 2877 ipsum
1630 2818 1763 2860 eversum
1778 2803 1834 2872 est,
1849 2798 1902 2857 abi

1045 2895 1096 2953 illa
1118 2896 1261 2954 sacrilleia
1276 2894 1372 2953 ollerri
1384 2893 1527 2951 solebant.
1544 2893 1602 2949 lloe
1617 2896 1715 2950 autem
1727 2894 1837 2949 lactum
1856 2891 1903 2949 eat

1045 2988 1205 3046 secundum
1228 2983 1410 3057 prophetiam
1436 2981 1564 3039 Danielis
1591 2982 1672 3051 (Dora.
1688 2998 1729 3050 rs,
1744 2984 1800 3052 ull.
1834 2978 1898 3037 Non

1045 3079 1122 3136 enim
1138 3074 1614 3148 opertebataulcrrisignificantia
1637 3071 1790 3139 sacrificia,
1806 3068 1902 3142 prlus·

1045 3158 1900 3242 qnsmitludquorlsignificabatureonhrmatumcssetloca·

1044 3258 1202 3316 testatione
1213 3256 1418 3330 Apostolorum
1430 3253 1663 3327 predicantium,
1677 3257 1707 3310 et
1718 3252 1774 3309 fide
1784 3250 1900 3309 ereden-

1045 3348 1120 3405 tium
1137 3346 1323 3420 populorum.

1082 3439 1127 3494 lV.
1152 3438 1206 3509 [lb.
1223 3454 1251 3504 r,
1270 3437 1374 3507 teau]
1401 3436 1441 3492 Dc
1465 3434 1640 3508 paralytico:
1658 3435 1753 3506 potest
1775 3427 1899 3497 intelligi

1046 3531 1143 3586 anima
1158 3527 1303 3585 dissoluta
1319 3527 1468 3592 membris,
1488 3526 1541 3581 boc
1563 3530 1607 3580 est
1622 3522 1707 3578 bonis
1722 3517 1897 3591 operationi·

1045 3621 1112 3688 hus,
1140 3619 1285 3676 Christum
1311 3632 1451 3688 quaerero,
1473 3615 1577 3681 idest,
1602 3611 1784 3667 voluntatem
1808 3606 1898 3664 Verbl

1045 3709 1115 3777 Dei;
1131 3707 1267 3780 impediri
1282 3713 1377 3762 autem
1395 3702 1563 3771 turbis,nlsi
1575 3705 1661 3766 tecta,
1679 3700 1707 3755 id
1723 3702 1779 3769 est,
1795 3700 1898 3771 operta

1046 3798 1263 3869 scripturarum
1274 3795 1393 3868 aperiat,
1410 3798 1442 3850 ut
1457 3808 1506 3866 per
1517 3793 1578 3849 hac
1593 3790 1630 3848 ad
1645 3788 1780 3847 notitiam
1791 3786 1901 3845 Christi

1047 3889 1204 3964 perveniat,
1230 3888 1284 3944 boc
1299 3890 1353 3953 est,
1371 3887 1406 3943 ad
1420 3887 1483 3957 ejus
1499 3883 1695 3941 humilitatem
1708 3879 1776 3937 fidei
1792 3878 1901 3952 pietate

1046 3979 1212 4036 descendat.
1225 3978 1260 4034 lli
1271 3981 1367 4034 autern
1379 3993 1395 4031 a
1406 3976 1516 4046 quibus
1526 3972 1689 4044 deponitur,
1703 3970 1796 4027 bonos
1806 3967 1836 4024 in
1847 3966 1902 4023 lic·

1046 4070 1134 4128 clesia
1149 4069 1283 4126 doctores
1298 4064 1608 4140 possuntsignillcare.
1620 4062 1702 4127 Quod
1717 4067 1813 4118 autent
1829 4072 1897 4115 cum

1046 4163 1118 4219 lecto
1133 4158 1297 4231 deponitur,
1318 4155 1464 4229 significat
1487 4155 1523 4211 ab
1547 4151 1665 4209 homino
1680 4149 1710 4207 in
1726 4150 1785 4208 ista
1808 4162 1894 4205 earne

1044 4250 1138 4308 adbuc
1147 4248 1305 4306 constituto
1315 4245 1463 4303 Christum
1474 4243 1578 4300 debere
1589 4238 1733 4313 cognosci.
1746 4239 1843 4304 Quem
1853 4241 1898 4293 ta·

1046 4356 1113 4398 mon
1130 4339 1238 4396 lectum
1253 4353 1343 4394 sanus
1358 4339 1459 4407 postea
1477 4333 1599 4405 jubetur
1622 4332 1749 4401 portare,
1765 4331 1794 4383 et
1809 4326 1851 4383 ire
1866 4324 1896 4380 in

132 4412 290 4469 titudinem
301 4416 411 4470 tautam
425 4415 552 4473 luturam
564 4416 594 4474 in
606 4419 744 4491 Ecclesia,
759 4426 791 4477 ut
801 4422 889 4478 etiam
898 4423 994 4480 disru·
1045 4431 1165 4487 domum
1178 4445 1273 4498 suam,
1282 4434 1312 4484 ut
1321 4425 1493 4484 remissione
1505 4425 1689 4496 peecatorum
1698 4416 1899 4475 convulesstn·

132 4502 236 4576 pticne
245 4503 335 4574 pacis,
346 4507 519 4565 exeuntibus
532 4508 599 4566 inde
611 4510 773 4569 haeresibus
788 4518 817 4571 et
832 4514 993 4573 schismati·
1045 4519 1128 4576 tibus
1144 4535 1195 4591 per
1205 4533 1284 4591 spem
1300 4518 1407 4572 bonam
1431 4512 1574 4570 membris
1590 4510 1705 4577 anima,
1721 4507 1777 4564 hcc
1792 4520 1898 4579 eorpus

132 4592 202 4664 bus,
217 4595 299 4649 tanta
312 4604 480 4668 reutaneret,
492 4602 521 4655 ct
533 4603 615 4657 tanta
625 4610 699 4658 esset
711 4603 809 4660 lutura
819 4603 863 4661 illi
873 4605 992 4662 amissio
1045 4612 1209 4666 restaurare
1218 4607 1413 4680 intelligatur:
1427 4608 1459 4661 ut
1466 4604 1528 4675 jam
1541 4618 1597 4658 uon
1610 4600 1639 4656 in
1652 4597 1822 4657 carnalibus
1830 4612 1899 4668 gau-

131 4683 202 4741 fidei
225 4690 254 4740 et
279 4684 423 4743 bonorum
445 4705 573 4760 morum,
598 4696 630 4747 ut
646 4692 762 4750 Christo
778 4695 874 4751 dicere
894 4695 992 4753 videa·
1045 4699 1103 4756 diis
1113 4698 1290 4771 tanquamin
1306 4690 1714 4767 lectorequieacatinsrrmitas
1726 4687 1816 4746 animi
1828 4707 1836 4757 ς
1848 4688 1898 4744 sed

130 4777 183 4829 tur
195 4773 264 4830 talis
279 4773 416 4846 Ecclesia,
432 4780 479 4834 cai
500 4796 586 4847 onie,
603 4785 668 4854 quio
682 4794 811 4854 peccator
822 4785 900 4841 bomo
910 4800 991 4840 sum:
1045 4789 1137 4860 magis
1149 4789 1213 4861 ipsa
1224 4787 1367 4845 contineat
1378 4785 1546 4842 affectiones
1558 4781 1700 4851 carnales,
1712 4784 1741 4835 et
1752 4774 1897 4833 tendatad
1971 4810 1975 4817 -

132 4866 275 4935 tanquam
289 4864 384 4923 turbis
396 4869 559 4928 carnalium
571 4872 692 4945 repleta,
705 4877 845 4930 eteorum
860 4877 992 4932 moribus
1044 4880 1170 4949 requiem
1187 4882 1361 4935 secretorum
1376 4876 1470 4934 cordis
1485 4874 1542 4932 sui.

132 4970 210 5027 pene
225 4955 387 5026 submersa,
399 4959 530 5031 regimen
541 4961 753 5034 spiritualium,
768 4965 798 5021 in
814 4967 921 5038 quibus
932 4983 992 5023 ma·
1080 4969 1115 5025 V.
1141 4969 1193 5042 [lb.
1210 4985 1253 5037 nr,
1266 4967 1325 5038 23.]
1345 4967 1407 5023 Non
1433 4965 1560 5022 absurde
1575 4960 1697 5036 questio
1713 4952 1895 5029 proponitur,

130 5045 211 5100 xime
225 5045 331 5102 Christi
348 5064 471 5119 persona
491 5051 610 5119 eminet,
626 5071 643 5109 a
657 5071 688 5111 se
704 5055 825 5126 repellat
849 5059 992 5128 quodam·
1045 5059 1194 5124 Quomodo
1210 5058 1335 5130 potuerit
1355 5060 1428 5113 duos
1448 5061 1545 5129 patres
1564 5053 1671 5109 babere
1685 5043 1805 5116 loseph.
1822 5041 1897 5099 Nam

131 5135 231 5191 modo.
248 5135 314 5190 Non
330 5137 405 5193 enirn
416 5137 548 5197 hocroce
560 5142 667 5215 lingum
679 5145 781 5202 dieunt
796 5146 931 5205 homines
941 5150 992 5205 bo·
1046 5148 1200 5205 Mattheus
1214 5165 1281 5205 earn
1297 5149 1368 5204 dicit
1382 5150 1512 5221 genitum
1525 5145 1603 5198 abeo
1615 5139 1664 5210 qui
1676 5133 1895 5193 vocabulariu-

132 5223 182 5280 nis
207 5224 350 5282 ministris
367 5226 428 5296 Dei,
446 5234 478 5285 ut
492 5247 543 5288 eos
558 5249 575 5288 a
589 5249 620 5289 se
637 5235 821 5307 rappellant:
847 5240 897 5293 scd
923 5255 990 5295 voce
1046 5239 1098 5294 cob
1114 5240 1223 5310 (llattlr.
1240 5259 1260 5309 r,
1279 5242 1341 5311 lb);
1360 5241 1447 5294 leucas
1469 5249 1535 5291 vero
1556 5230 1650 5284 lilium
1666 5242 1731 5283 csse
1745 5225 1817 5281 dicit
1831 5225 1895 5295 ejus

130 5329 252 5369 morum
263 5319 418 5374 etactuum
430 5335 550 5377 suorum
562 5324 688 5381 suadent
704 5342 721 5381 a
736 5342 766 5381 se
775 5328 882 5398 recedi,
894 5345 928 5384 ne
939 5346 990 5402 per
1045 5329 1095 5400 qui
1111 5332 1270 5388 vocabatur
1284 5330 1354 5386 lleli.
1377 5329 1477 5398 Neque
1492 5324 1545 5379 boc
1560 5321 1622 5377 loco
1637 5318 1712 5374 illud
1728 5316 1786 5374 dici
1802 5318 1898 5388 potest

128 5406 394 5477 boncsregantur;
413 5412 441 5466 et
452 5425 486 5467 cc
498 5412 709 5479 vehementius,
725 5417 796 5488 quoi
807 5417 991 5477 delerantcls
1045 5420 1121 5490 quod
1136 5437 1213 5478 unns
1230 5422 1326 5489 homo,
1343 5418 1419 5473 sicut
1434 5431 1492 5473 non
1508 5412 1604 5471 solum
1620 5409 1696 5484 apud
1712 5407 1828 5471 Gentes,
1845 5405 1897 5461 sed

131 5498 288 5563 honorem,
304 5499 334 5553 et
349 5500 444 5556 tamen
469 5502 555 5559 laetis
575 5504 637 5561 suis
651 5523 668 5562 a
684 5523 713 5563 se
729 5508 860 5566 recedere
882 5510 989 5567 adarc-
1045 5511 1132 5566 ctiam
1149 5510 1226 5580 apud
1241 5509 1358 5566 ludaeos
1379 5507 1509 5564 accidere
1524 5503 1618 5562 solcre
1641 5498 1825 5557 manifestum
1841 5498 1895 5561 est,

129 5587 205 5643 nnet
216 5600 223 5640 ε
235 5583 638 5651 utbonoritlcentiameorum
650 5595 855 5669 significaverit
877 5599 988 5668 Petrus,
1044 5599 1103 5655 duo
1119 5598 1240 5655 nomina
1260 5597 1403 5656 hebuerit.
1419 5602 1527 5656 catere
1542 5594 1619 5654 enim
1642 5589 1716 5650 serie
1732 5583 1898 5661 generatio·
