3952 6150
36 256 40 263 .
63 183 138 244 2137
662 180 918 243 Exposl'tlottts
935 183 1045 242 LIBER
1060 182 1166 245 UNUS.
1696 183 1770 245 2188

61 300 311 384 esre,seds·npnis
323 308 433 384 (Metti.
449 326 479 377 r,
495 311 540 385 17)
554 310 644 385 :quia
659 315 721 370 arat
735 312 891 369 ablaturus
943 312 1064 379 bantur,
1090 313 1169 373 male
1185 312 1222 371 de
1235 311 1364 369 invicem
1378 310 1539 384 loquendo,
1566 314 1594 368 et
1606 314 1769 385 quaerendo

60 401 201 457 timorem
217 399 390 467 carnalem
406 400 591 472 spiritualem
602 406 700 458 autem
712 401 889 459 charitatem
943 402 1071 476 quisque
1085 401 1211 474 gloriam
1226 416 1313 459 suam
1328 416 1500 474 vanamque
1525 401 1689 469 victoriam,
1704 402 1768 476 qui·

60 488 889 563 daturus,quasolateximpleripotest.Plenitudoenim
942 488 1001 547 bna
1016 491 1120 549 studiis
1140 492 1329 549 consumitur
1347 490 1474 547 societas
1501 488 1616 562 populi,
1639 489 1711 546 dum
1738 492 1768 547 in
1883 506 1887 515 ·

60 579 150 651 beqis,
170 579 292 634 ebaritas
305 598 316 637 :
331 582 364 635 ut
380 578 527 651 quoniam
543 579 619 639 fides
643 580 783 652 impetrat
798 578 888 652 Spiri·
943 585 1042 653 partes
1071 580 1259 637 discinditur.
1289 579 1447 646 Quomodo
1473 584 1572 636 autem
1592 580 1650 635 ista
1675 579 1768 637 vitare

61 670 127 725 tum
137 671 288 735 sanctum,
300 683 351 740 par
364 683 456 739 quem
475 669 603 726 charitas
617 669 667 725 Dei
681 668 793 726 diffusa
803 671 848 725 est
857 667 888 724 in
942 674 1078 742 possunt,
1093 670 1149 727 nisi
1163 670 1268 743 spiritu
1287 667 1453 736 ambulent,
1470 672 1499 725 et
1512 669 1769 742 concupiscentias

61 756 206 815 cordibus
221 758 409 830 operantium
430 758 577 829 J'ustitiam
592 759 681 829 (Rom.
697 775 726 830 v,
744 758 781 830 5),
806 756 888 813 nullo
942 759 1041 816 carnis
1060 775 1122 817 non
1134 759 1291 834 perficiant
1305 757 1319 814 i
1334 758 1466 814 Primum
1483 758 1563 813 cuim
1577 763 1606 813 et
1622 773 1768 827 magnum

64 845 158 904 modo
172 847 336 921 quisquam
359 851 428 904 anto
444 847 569 919 gratiam
584 847 654 905 fidei
670 847 805 905 debonis
819 861 889 920 ope·
942 864 1054 905 munus
1083 853 1128 906 est
1154 849 1286 922 spiritus,
1311 846 1477 912 humilitas,
1503 851 1531 903 et
1556 847 1768 903 mansuetudo.

62 935 148 992 ribus
174 936 325 1007 glorietur.
341 938 526 1010 Quapropter
540 938 613 995 istos
630 937 777 1009 jactantes
800 953 831 993 se
851 936 888 993 de
943 936 1025 994 Unde
1038 937 1110 994 illud
1124 937 1281 1011 quodiam
1295 935 1541 1004 commemoravi,
1554 935 1697 991 Dominus
1711 935 1770 991 cla-

61 1024 204 1099 operibus
217 1026 302 1096 Legis
315 1026 356 1084 ita
370 1025 655 1099 refellitapostolua
671 1026 744 1083 dum
757 1025 889 1083 ostendit
941 1029 1014 1092 mat,
1030 1027 1134 1083 Discite
1148 1044 1165 1082 e
1179 1045 1230 1093 me,
1255 1027 1320 1099 quio
1338 1026 1413 1081 mitis
1426 1041 1495 1092 sum,
1518 1031 1542 1080 et
1559 1024 1673 1080 humitis
1692 1024 1770 1079 corde

61 1130 157 1189 opera
170 1119 290 1172 vetusta
308 1121 567 1172 sacramentorum
583 1115 707 1173 umbras
720 1116 888 1172 futurorum

62 1204 167 1274 luisse,
182 1218 260 1276 quas
282 1204 345 1275 jam
370 1205 501 1262 adventu
528 1205 645 1261 Domini
664 1205 757 1260 libero
777 1202 888 1259 haeredi

62 1292 249 1351 necessarias
263 1309 324 1350 non
343 1310 408 1351 esse
428 1295 606 1351 monstravit
628 1309 744 1366 :opera
759 1307 827 1350 sero
849 1291 888 1349 ad

60 1384 161 1440 bonos
171 1397 270 1439 mores
282 1383 459 1455 pertinentia
467 1381 887 1456 uonimplerinisidilectione,

61 1487 117 1545 per
126 1487 219 1544 quam
231 1471 306 1528 fides
318 1478 460 1544 operatur
470 1473 574 1542 (dolet.
583 1489 612 1541 v,
624 1473 662 1544 o).
673 1470 756 1528 Unde
765 1470 790 1526 si
799 1485 889 1542 opera

61 1561 148 1633 Legis
160 1560 301 1634 quadam
313 1566 381 1633 post
393 1561 483 1617 iidem
492 1561 655 1634 superflua,
664 1560 806 1634 quoedam
820 1564 889 1616 aute

61 1649 154 1706 fidem
169 1649 329 1706 nullasuut
341 1666 349 1717 ;
363 1650 552 1722 viraljustus
566 1667 602 1707 ex
614 1650 674 1706 tide
690 1649 800 1720 (Hebae.
810 1664 840 1714 n,
850 1652 889 1721 t),

62 1744 95 1795 ut
112 1743 141 1795 et
155 1754 233 1794 onus
253 1754 344 1810 grave
372 1740 521 1797 servitutis
546 1739 677 1812 abjiciat,
695 1739 752 1795 levi
772 1738 890 1795 sarcina

61 1828 169 1887 Christi
184 1833 337 1899 vegetatus
355 1829 466 1900 (Metti.
484 1845 522 1896 xi,
539 1829 595 1900 30),
612 1833 641 1884 et
650 1829 775 1902 justitiss
795 1833 890 1884 metas

60 1930 122 1974 uon
137 1916 382 1990 transgredimur,
398 1917 457 1974 leui
477 1918 551 1989 jugo
572 1919 582 1954 ¹
607 1917 759 1974 charitatis
774 1915 889 1973 obtem·

62 2020 185 2079 perans.

99 2114 143 2169 tt.
155 2112 210 2187 [lb.
223 2129 252 2180 v,
267 2117 311 2183 15,
328 2114 383 2185 ld]
396 2113 495 2180 Quaeri
507 2116 608 2171 autem
619 2117 717 2186 potest
731 2128 784 2169 cur
799 2114 891 2185 Apos-

57 2202 177 2259 toluset
187 2201 234 2258 hic
245 2203 340 2259 solam
355 2202 603 2259 commemoravit
618 2202 745 2275 proximi
760 2201 892 2258 dilectio·

60 2308 143 2359 uem,
154 2293 327 2365 quaLegem
337 2292 411 2349 dixit
422 2292 538 2364 impleri
548 2311 555 2363 ;
567 2296 597 2348 et
607 2292 646 2349 ad
658 2294 809 2349 Romanos
820 2306 890 2347 eum

59 2381 89 2437 iu
106 2381 212 2437 eadem
236 2383 401 2453 quastione
415 2384 593 2447 versaretur,
612 2402 627 2432 a
643 2382 698 2447 Qui
721 2381 801 2437 eninr
824 2380 891 2436 dili·

61 2470 105 2541 git
129 2470 266 2536 alterum,
282 2470 389 2542 inquit,
406 2469 514 2541 Legem
538 2470 691 2542 implerit:
715 2485 798 2540 nam,
826 2472 889 2525 Nou

64 2557 259 2626 adulterabis,
275 2561 338 2615 Non
354 2558 549 2615 homicidium
570 2558 672 2624 iacies,
691 2560 755 2614 Non
774 2556 891 2614 iurabe-

62 2648 115 2713 ris,
131 2650 194 2704 Nou
209 2647 413 2718 concupisces,
431 2654 457 2702 et
475 2646 594 2719 siquod
612 2651 656 2702 est
668 2645 750 2703 aliud
766 2646 891 2703 mandu-

64 2741 141 2802 tum,
161 2735 191 2791 in
204 2736 259 2793 hoc
275 2751 413 2792 sermone
428 2736 650 2808 recapitulatur,
668 2736 775 2806 Diliges
790 2739 892 2809 proxi-

65 2839 150 2880 mum
170 2830 253 2880 tuum
276 2828 422 2896 tanquam
447 2825 585 2895 teipsum.
612 2824 733 2880 Dilectio
761 2823 891 2895 proximi

66 2912 183 2970 malum
196 2927 257 2968 non
268 2917 417 2984 operatur.
434 2911 590 2968 Plenitudo
601 2917 700 2968 autem
715 2912 809 2982 Legis,
822 2913 892 2968 cha·

64 3001 138 3058 ritas
157 3001 274 3069 »illone
290 3017 349 3066 xur,
365 3002 452 3072 8-10).
468 3002 543 3057 Cum
559 3015 630 3071 ergo
644 3000 764 3057 nonnisi
776 3000 807 3056 iu
819 3000 892 3057 duo·

63 3088 125 3146 bus
140 3090 297 3163 praeceptis
314 3089 480 3146 dilectionis
496 3090 545 3146 Dei
562 3093 592 3144 et
618 3089 747 3160 proximi
761 3087 892 3161 perlecta

63 3180 100 3237 sit
115 3179 256 3246 charitas,
270 3194 323 3234 cur
336 3178 496 3251 Apostolus
511 3183 539 3235 et
551 3178 582 3235 iu
597 3178 653 3235 hac
665 3182 695 3234 et
708 3178 739 3233 in
752 3177 803 3234 iila
813 3177 892 3249 Epis-

65 3268 232 3327 tolaeolam
246 3267 377 3339 proximi
390 3268 580 3324 dilectionem
593 3272 811 3324 commemorat
821 3285 827 3334 ;
837 3265 893 3322 nisi

64 3358 190 3432 quiade
209 3356 366 3414 dilectione
384 3358 434 3413 Dei
460 3360 588 3429 possunt
614 3357 730 3413 mentiri
745 3356 893 3422 homines,

63 3448 139 3521 quia
150 3447 277 3504 rariores
291 3447 468 3504 tentationes
478 3447 678 3518 comprobant
687 3446 733 3513 ;in
741 3446 895 3503 dilectione

67 3541 170 3593 autem
196 3535 324 3609 proximi
353 3534 470 3592 facilius
498 3536 715 3592 convincuntur
735 3551 802 3591 eum
832 3550 893 3591 non

68 3624 192 3691 habere,
207 3624 280 3680 dum
295 3624 398 3697 inique
410 3639 480 3681 cum
495 3624 669 3680 hominibus
685 3631 779 3695 agunt
792 3625 806 3678 ‘i
820 3625 894 3680 Con·

70 3728 202 3785 sequens
214 3718 258 3769 est
268 3718 369 3769 autem
383 3715 470 3786 utqui
483 3729 519 3769 ex
531 3713 702 3779 totocorde,
714 3729 748 3769 ex
759 3718 820 3769 tota
829 3713 894 3769 ani·

69 3818 134 3868 ma,
149 3817 183 3858 ex
198 3807 371 3859 tutamenta
389 3804 482 3859 Deum
503 3803 616 3875 diligat,
632 3802 770 3872 diligitei
794 3802 895 3874 proxi-

68 3907 153 3949 mum
167 3892 469 3965 tanquamseipsum;
483 3891 556 3964 quia
569 3892 627 3948 hoc
636 3891 788 3964 jubetilla,
802 3906 894 3964 quem

67 3997 104 4038 ex
118 3985 180 4039 toto
194 3980 292 4048 corde,
306 3996 341 4037 ex
352 3986 414 4038 tota
425 3981 539 4048 anima,
554 3996 591 4037 ex
604 3986 664 4037 tota
678 3986 775 4038 ruente
789 3980 893 4051 diligit.

69 4074 144 4129 item
157 4071 280 4143 diligere
295 4070 475 4144 proximum,
489 4070 520 4127 id
535 4075 579 4127 est
591 4085 712 4127 omnam
728 4070 894 4138 homiuem,

67 4165 215 4233 nuquam
230 4161 372 4232 seipsum,
389 4160 456 4231 quis
474 4163 581 4232 potest,
597 4159 654 4214 nisi
670 4159 763 4215 Deum
779 4157 894 4229 diligat,

68 4249 157 4321 cujus
168 4254 317 4321 precepto
329 4253 358 4304 et
369 4248 449 4305 dono
463 4248 650 4305 dilectionem
662 4247 790 4320 proximi
802 4247 896 4320 possit

67 4337 195 4411 implere
211 4336 225 4393 i
239 4339 314 4394 Cum
330 4352 400 4409 ergo
416 4343 578 4410 utrumque
595 4343 777 4410 preceptum
793 4337 833 4393 ita
847 4337 893 4403 eit,

68 4430 102 4483 ut
116 4430 257 4482 aeonum
272 4425 337 4481 sina
350 4426 442 4482 altero
457 4425 551 4498 possit
568 4425 668 4491 teneri,
684 4425 773 4481 etiarn
802 4440 894 4480 sinum

69 4515 180 4573 horum
190 4529 430 4572 commemorare
439 4513 615 4587 plerumque
629 4514 748 4579 suflicit,
760 4514 896 4585 cumagi·

70 4608 119 4660 tur
133 4602 171 4659 de
184 4603 330 4676 operibus
353 4603 473 4674 justitia
490 4619 497 4658 :
523 4603 576 4658 sed
596 4603 795 4675 opportunius
809 4603 893 4672 illud,

68 4692 106 4749 da
119 4707 180 4766 quo
193 4693 321 4766 quisque
336 4692 453 4750 facilius
465 4691 658 4748 convincitur.
670 4692 752 4749 Unde
766 4695 896 4749 loannes

68 4780 165 4838 dicit:
181 4781 235 4849 Qui
247 4784 320 4838 enim
333 4799 387 4838 non
400 4782 492 4853 diligit
504 4782 624 4853 fratrem
634 4797 712 4837 suum
721 4798 796 4853 quem
810 4782 893 4848 videt,

66 4870 153 4927 Deum
165 4887 241 4943 quem
256 4888 309 4926 non
323 4871 393 4927 ridet
405 4871 533 4943 quomodo
547 4877 631 4942 potest
645 4870 762 4941 diliqere
774 4870 796 4938 (Ι
813 4871 893 4926 loon.

65 4976 106 5029 iv,
121 4959 190 5030 ioli
201 4960 416 5017 ttentiabantur
426 4961 506 5015 euim
519 4959 645 5032 quidam
660 4958 849 5015 dilectionem
863 4975 895 5015 se

66 5049 118 5106 Dei
142 5049 267 5115 habere,
283 5055 310 5106 at
325 5048 362 5106 de
377 5048 447 5106 odio
472 5048 604 5105 fraterno
619 5064 685 5104 eam
705 5064 765 5105 non
784 5049 895 5106 habere

64 5137 345 5195 convincebantur:
367 5138 405 5194 de
431 5153 492 5211 quo
512 5137 649 5210 judicare
665 5137 696 5193 in
718 5138 895 5210 quotidiana

64 5229 129 5284 vita
140 5234 170 5283 et
182 5226 317 5283 moribus
332 5224 418 5284 lacile
430 5233 483 5283 est.
495 5226 525 5283 Si
535 5234 625 5283 nutem
636 5226 775 5290 mordetis,
787 5226 893 5300 inquit,

65 5324 91 5373 et
110 5317 249 5374 comeditis
262 5317 390 5383 inuicem,
414 5317 500 5373 uidete
523 5333 558 5372 ue
571 5314 604 5371 cb
631 5316 745 5372 inciam
759 5332 894 5372 mosumo·

65 5407 140 5463 ruini
153 5425 164 5462 .·
176 5406 234 5464 hoo
249 5406 330 5462 enim
343 5407 473 5461 maxime
486 5405 555 5461 sitio
570 5405 805 5462 contentioniset
819 5406 894 5462 invi·

63 5496 185 5565 dantia,
199 5494 374 5568 perniciosae
390 5494 606 5567 disputationes
628 5493 769 5552 intereos
785 5496 895 5552 nutrie-

96 5716 195 5776 ¹liditi,
214 5716 264 5769 issi
275 5717 349 5783 lugo.
360 5714 433 5777 lisa..
452 5715 504 5769 teni
512 5716 588 5784 q’uqo'.

942 1115 1052 1186 (Mettis.
1069 1131 1110 1181 xl,
1126 1116 1172 1188 29)
1193 1133 1200 1171 ι
1217 1120 1245 1172 et
1261 1115 1333 1171 iilud
1350 1113 1515 1186 prophetae,
1531 1113 1618 1184 Super
1631 1129 1706 1185 quem
1725 1129 1771 1168 re·

941 1205 1053 1276 quiescit
1069 1203 1192 1277 Spiritus
1204 1222 1288 1274 meus,
1300 1204 1356 1259 nisi
1370 1219 1452 1274 super
1465 1202 1625 1258 innitemur
1638 1203 1769 1275 quietum,

940 1300 966 1350 et
984 1300 1139 1350 trementem
1155 1294 1234 1349 oeric
1248 1310 1306 1349 meo
1318 1293 1397 1364 (lsai.
1414 1308 1488 1357 axvi,
1510 1290 1565 1362 Di

980 1438 1022 1493 id.
1038 1435 1092 1507 [lb.
1108 1453 1135 1501 v,
1157 1436 1211 1507 Π.)
1226 1434 1313 1502 Quod
1328 1439 1430 1491 autem
1447 1432 1496 1499 ait,
1512 1434 1584 1489 Coro
1596 1433 1667 1489 enim
1679 1449 1770 1490 coucu-

940 1525 1021 1598 piscit
1033 1525 1163 1582 adversus
1176 1525 1318 1595 spiritum,
1333 1524 1449 1596 spiritus
1472 1530 1561 1579 cutem
1574 1523 1702 1579 adsersus
1712 1539 1771 1578 ccr-

942 1630 1024 1671 oem:
1044 1614 1100 1670 baec
1114 1616 1188 1670 enim
1208 1614 1322 1670 inuicem
1336 1614 1519 1670 adversentur
1532 1635 1542 1682 ,·
1557 1618 1588 1668 ut
1602 1628 1655 1668 nort
1667 1628 1698 1666 ec
1711 1626 1770 1683 quae

943 1702 1025 1758 uultis
1035 1704 1148 1771 iacietis
1157 1720 1170 1770 ;
1180 1708 1289 1775 putant
1303 1702 1351 1759 hic
1368 1701 1509 1758 homines
1524 1701 1652 1757 liberum
1667 1699 1772 1757 volun·

944 1791 1013 1847 tatis
1028 1790 1182 1847 arbitrium
1197 1806 1307 1862 negare
1320 1790 1497 1861 Apostolum
1514 1805 1569 1845 nos
1582 1788 1701 1851 habere,
1715 1803 1771 1844 nec

943 1880 1111 1952 intelligunt
1125 1881 1182 1937 hoc
1197 1881 1238 1938 eis
1252 1880 1376 1950 dictum,
1390 1879 1413 1934 ei
1425 1878 1551 1950 gratiam
1565 1877 1635 1934 fldei
1650 1893 1771 1949 suscep·

944 1973 1006 2027 tarn
1016 1975 1116 2026 tenere
1125 1969 1241 2036 nolunt,
1255 1985 1308 2044 per
1319 1985 1412 2043 quam
1422 1968 1516 2025 solam
1526 1971 1654 2040 possunt
1666 1967 1771 2038 spiritu

943 2057 1109 2127 ambulare,
1119 2062 1148 2115 et
1160 2058 1421 2131 concupiscentias
1431 2056 1530 2114 carnis
1541 2072 1601 2113 nou
1609 2055 1769 2129 perficere;

944 2148 969 2204 si
984 2163 1055 2219 ergo
1070 2147 1177 2204 uolunt
1192 2163 1259 2204 eam
1281 2152 1390 2213 tenere,
1407 2161 1467 2202 non
1488 2148 1628 2217 poterunt
1642 2159 1678 2200 ea
1700 2159 1769 2217 quia

943 2236 1047 2294 volunt
1062 2236 1168 2293 lacere.
1185 2237 1294 2294 Volunt
1308 2236 1389 2291 euim
1402 2234 1520 2307 operari
1535 2249 1627 2306 opera
1637 2233 1769 2305 justitiis,

942 2341 1011 2400 quas
1026 2333 1095 2383 sunt
1113 2327 1145 2383 in
1164 2327 1252 2397 Lege,
1273 2326 1326 2383 sed
1352 2326 1512 2381 vincuntur
1531 2322 1770 2396 concupiscentia

943 2411 1771 2489 carnis,quamsequendodesaruntgratiamfidei.Uude

943 2510 970 2561 et
996 2504 1035 2562 ad
1050 2507 1202 2562 Romanos
1226 2505 1306 2571 dicit,
1324 2504 1478 2560 Prudentia
1496 2502 1589 2559 corcis
1613 2502 1726 2557 inimice
1740 2502 1769 2556 in

944 2594 1054 2651 Deum:
1075 2595 1142 2666 Leqi
1157 2594 1227 2649 enim
1245 2593 1294 2649 Dei
1309 2610 1361 2648 non
1376 2599 1416 2649 est
1437 2592 1581 2664 subjectc;
1599 2607 1680 2662 neque
1698 2591 1770 2646 enirn

941 2684 1126 2757 potesttllom.
1145 2699 1203 2750 vrrs,
1217 2683 1256 2753 7).
1274 2683 1346 2738 Cum
1362 2682 1442 2737 enim
1455 2681 1583 2738 charitas
1599 2679 1773 2750 Legemim·

944 2773 1034 2847 pleat,
1048 2772 1208 2846 prudentia
1224 2787 1293 2827 sero
1308 2771 1407 2827 carnis
1419 2768 1581 2826 commoda
1595 2767 1773 2841 temporalia

944 2862 1146 2918 consecrando
1161 2860 1309 2934 spirituali
1329 2858 1465 2915 charitati
1483 2857 1657 2913 adversatur
1673 2873 1680 2924 ;
1696 2871 1773 2928 quo·

945 2950 1036 3007 modo
1051 2955 1148 3022 potest
1158 2949 1226 3017 Lagi
1239 2950 1289 3005 Dei
1301 2963 1367 3004 asae
1380 2947 1527 3017 subjecta,
1537 2946 1567 3002 id
1580 2952 1635 3015 est,
1646 2945 1773 3001 libenter

945 3044 1035 3111 atque
1059 3038 1261 3110 obsequenter
1285 3034 1410 3107 implere
1426 3035 1582 3106 justitiam,
1600 3035 1688 3107 eique
1711 3048 1772 3091 non

946 3127 1097 3185 adversari
1114 3145 1121 3194 ;
1145 3125 1268 3197 quaudo
1287 3125 1379 3181 eham
1393 3123 1467 3179 dum
1483 3128 1619 3188 conatur,
1635 3122 1773 3180 vincatur

945 3231 1069 3274 necesse
1081 3219 1136 3280 est,
1150 3213 1201 3270 ubi
1218 3213 1364 3270 invenerit
1378 3215 1478 3282 majus
1492 3211 1689 3268 commodum
1700 3217 1773 3267 tem·

947 3304 1049 3378 porale
1075 3304 1113 3360 de
1135 3301 1290 3374 iniquitate
1317 3317 1350 3357 se
1370 3316 1460 3373 posse
1481 3299 1614 3371 assequi,
1629 3315 1721 3372 quam
1747 3299 1772 3355 si

948 3393 1096 3450 custodiat
1117 3393 1289 3463 aequitatem
1302 3392 1316 3449 i
1335 3390 1418 3447 Sicut
1431 3389 1511 3446 anim
1529 3389 1627 3461 prima
1641 3387 1772 3444 hominis

947 3484 1009 3540 vita
1023 3487 1067 3538 est
1077 3486 1145 3538 ante
1159 3483 1276 3554 Legem,
1291 3495 1360 3536 cum
1377 3477 1458 3535 nulla
1473 3476 1605 3550 nequitia
1615 3482 1643 3533 at
1658 3475 1773 3532 malitia

948 3572 1133 3647 prohibetur,
1149 3585 1246 3643 neque
1260 3568 1319 3626 ulla
1335 3585 1371 3625 ex
1385 3572 1468 3641 parte
1483 3565 1585 3639 pravis
1599 3565 1772 3639 cupiditati·

949 3661 1007 3718 bus
1017 3659 1216 3732 resistit;quia
1225 3673 1285 3715 nou
1292 3660 1393 3729 estqui
1400 3655 1572 3729 prohibeat:
1585 3655 1627 3710 sic
1638 3654 1771 3711 secunda

949 3755 993 3807 est
1004 3749 1060 3807 sub
1068 3750 1143 3818 Lege
1157 3751 1226 3804 ante
1242 3746 1379 3818 gratiam,
1387 3743 1511 3819 quando
1518 3742 1695 3817 prohibetur
1706 3743 1773 3815 qui·

949 3839 1019 3896 dem
1027 3843 1055 3894 et
1067 3842 1192 3894 conatur
1204 3834 1506 3909 apeccstoabstinere
1516 3849 1558 3899 ae,
1566 3832 1752 3889 sedvincitur

949 3929 1022 4002 quia
1041 3926 1178 3984 nondum
1191 3924 1337 3997 justitiam
1356 3928 1478 3997 propter
1500 3923 1594 3979 Deum
1610 3926 1639 3979 ot
1657 3927 1774 3996 propter

950 4018 1047 4091 ipsam
1059 4016 1205 4087 justitiam
1223 4013 1328 4084 diligit,
1343 4013 1396 4069 sed
1412 4028 1479 4070 eam
1492 4011 1549 4068 sibi
1570 4011 1631 4067 vuit
1643 4010 1682 4068 ad
1701 4025 1774 4068 oon·

949 4105 1130 4179 quirendum
1146 4110 1262 4160 terrena
1283 4102 1403 4160 servire.
1424 4104 1528 4174 ltaque
1551 4100 1602 4156 ubi
1617 4099 1723 4157 viderit
1736 4114 1774 4155 ex

950 4194 1008 4253 alia
1023 4200 1108 4266 parte
1123 4194 1231 4267 ipsam,
1249 4210 1286 4250 ex
1304 4192 1363 4250 alia
1381 4191 1577 4249 commodum
1598 4187 1773 4258 temporale,

950 4283 1214 4357 trahiturpondere
1226 4281 1621 4355 temporaliscupiditatia,et
1633 4276 1774 4350 relinquit

946 4374 1118 4448 justitiam:
1139 4388 1229 4442 qrsam
1251 4378 1407 4443 propterea
1427 4373 1526 4426 tenere
1544 4367 1721 4431 conabatur,
1741 4368 1774 4420 ut

949 4464 1073 4520 baberet
1101 4461 1173 4517 illud
1192 4459 1274 4532 quod
1298 4474 1329 4515 sa
1356 4473 1437 4515 nunc
1464 4456 1545 4513 videt
1570 4455 1716 4522 amittere,
1748 4452 1773 4509 si

949 4552 1031 4610 illam
1044 4551 1177 4608 tenuerit.
1197 4548 1295 4605 Tertia
1308 4553 1352 4603 est
1372 4547 1435 4604 vita
1456 4562 1512 4617 suq
1528 4544 1634 4616 gratia,
1646 4542 1770 4617 quaudo

949 4640 1025 4700 nihil
1050 4639 1223 4712 temporalis
1245 4636 1398 4694 commodi
1414 4635 1536 4709 justitiae
1558 4633 1742 4707 praeponitur
1762 4647 1770 4690 r

949 4730 1032 4804 quod
1062 4729 1119 4785 nisi
1149 4727 1291 4785 charitate
1318 4724 1474 4799 spirituali,
1505 4741 1599 4798 quam
1630 4724 1774 4781 Dominus

949 4818 1087 4892 exemplo
1112 4833 1167 4875 suo
1188 4816 1300 4885 docuit,
1324 4819 1352 4871 et
1366 4812 1462 4886 gratia
1483 4813 1617 4884 donarit,
1633 4812 1697 4868 lieri
1710 4827 1771 4869 uon

949 4912 1055 4980 polest.
1071 4908 1101 4962 ln
1118 4907 1175 4964 hac
1194 4906 1276 4962 enim
1298 4906 1359 4960 vita
1374 4904 1491 4960 etiamsi
1505 4904 1633 4961 existant
1654 4900 1771 4957 deside·

948 4997 993 5054 ria
1018 4997 1116 5054 carnia
1141 4996 1179 5053 de
1205 4994 1383 5052 mortalitate
1398 4992 1542 5066 corporis,
1566 4996 1667 5049 tamen
1688 5003 1773 5045 men·

948 5091 1009 5144 tem
1028 5086 1067 5142 ad
1082 5085 1311 5142 consensionem
1324 5083 1438 5156 peccati
1458 5098 1518 5139 uon
1537 5080 1711 5152 subjugant.
1727 5076 1772 5134 Ito

946 5176 1010 5248 jam
1026 5190 1086 5230 nou
1113 5179 1218 5246 regnat
1232 5179 1390 5245 peccatum
1409 5172 1440 5228 in
1458 5174 1561 5227 nostro
1575 5167 1693 5225 mortali
1708 5181 1773 5222 cor-

947 5279 1020 5338 pore
1036 5263 1122 5336 (Rom.
1138 5261 1404 5334 v1,ti);quamvis
1422 5274 1483 5316 non
1498 5256 1593 5331 possit
1614 5256 1671 5312 nisi
1689 5254 1774 5312 iube·

947 5353 1040 5408 bitare
1062 5352 1091 5407 in
1107 5367 1153 5416 ao,
1169 5349 1316 5422 quamdiu
1332 5346 1456 5404 mortale
1476 5360 1586 5417 corpus
1601 5350 1654 5401 eat.
1676 5344 1774 5401 Primo

947 5442 1026 5499 enim
1048 5456 1109 5497 non
1124 5445 1240 5510 regnat,
1255 5453 1325 5495 oum
1343 5440 1441 5492 menta
1457 5433 1606 5490 servimus
1621 5433 1691 5505 Legi
1714 5433 1775 5500 Dei,

947 5531 1087 5605 quamvis
1098 5544 1188 5587 carne
1200 5527 1257 5599 lagi
1272 5526 1386 5599 peccati
1399 5525 1457 5597 (ld.
1472 5524 1589 5596 v11,2ti),
1604 5523 1634 5579 id
1647 5527 1703 5588 est,
1714 5538 1775 5596 poe·

947 5619 1008 5678 nali
1022 5616 1241 5684 consuetudini,
1263 5631 1332 5673 cum
1347 5630 1383 5671 ex
1402 5613 1454 5671 illa
1466 5613 1596 5670 existunt
1612 5611 1771 5676 desideria,

947 5709 1061 5786 quibus
1075 5715 1176 5768 umen
1189 5722 1251 5766 uon
1263 5704 1435 5764 obsumus,
1448 5703 1633 5766 Posteovero
1644 5717 1682 5761 ax
1691 5694 1774 5762 omni
