3952 6150
70 221 153 283 ssat

70 358 179 415 babeo.
190 357 282 414 Malos
292 356 346 413 tibi
354 354 442 413 dedit.
456 354 484 411 Si
498 352 592 411 malus
602 351 850 422 Christus,malns
860 351 932 409 mihi

72 448 110 505 ds
119 449 166 504 tit.
178 449 252 515 Non,
263 446 371 519 inquit,
386 445 480 501 malus
491 444 625 501 Christus
637 460 645 498 :
656 443 705 500 sed
718 459 776 499 non
787 441 840 498 tibi
849 441 933 499 Chri-

74 550 139 599 stus
156 539 247 598 dedit.
264 541 334 609 Quis
353 556 423 611 ergo
437 538 509 595 mibi
526 537 631 594 dedit‘t
645 537 806 610 responde:
822 553 874 609 ego
887 552 933 592 ma

74 648 92 687 a
107 631 222 687 cbristo
238 629 299 685 scio
314 630 468 702 accepisse.
482 628 564 684 Dedit
576 627 639 696 tibi,
655 626 759 699 inquit,
775 625 828 681 aed
842 624 935 682 tradi·

74 726 123 778 tor
138 719 240 776 nescio
260 719 337 792 quis,
354 734 410 775 non
426 716 568 773 Christus.
584 714 689 772 Vidsro
705 715 770 786 quis
786 714 937 770 sueritmi-

75 808 183 875 nister,
199 808 300 865 videro
314 807 379 879 quia
393 806 480 862 suerit
496 822 607 878 proec0;
625 806 658 860 de
673 802 788 860 ciliciali
805 820 861 859 non
873 804 935 859 dis-

74 903 160 972 puto,
177 898 308 970 jndicem
320 896 454 953 attendo:
472 900 501 951 et
516 896 585 951 torte
598 894 676 968 quod
687 894 791 965 objicis
805 893 933 963 officiali,

74 987 215 1045 mentiris
228 1005 235 1042 ι
247 989 295 1044 sed
308 987 373 1044 nolo
384 987 545 1055 discutere,
557 1001 677 1042 caussam
690 983 824 1041 officialis
835 985 880 1039 sui
890 1001 936 1040 co·

71 1084 200 1150 gnoscat
215 1080 354 1136 Dominus
369 1079 520 1134 amborum
538 1094 544 1132 :
563 1077 636 1133 torta
651 1077 675 1132 ai
692 1076 805 1147 exigam
821 1080 855 1130 ut
869 1091 935 1148 pro-

72 1171 140 1240 bes,
154 1186 210 1226 non
221 1169 345 1241 probaa;
362 1168 421 1225 imo
433 1166 582 1225 mentiris:
600 1167 755 1239 probatum
771 1169 852 1221 estte
868 1181 933 1236 prn-

72 1258 148 1313 baro
159 1273 215 1312 non
227 1256 355 1328 potuisse
364 1258 405 1327 (a)
415 1272 421 1310 :
433 1256 485 1313 sed
495 1272 551 1312 non
561 1253 600 1310 ibi
613 1269 813 1326 ponocausem
827 1268 933 1322 meam,

72 1362 112 1402 no
127 1363 197 1402 cum
214 1345 342 1401 studiose
358 1360 470 1418 caepere
481 1343 634 1402 defendere
649 1342 784 1399 homines
796 1342 933 1398 innocen·

73 1440 134 1503 tes,
152 1441 238 1509 putes
254 1453 298 1493 me
313 1451 393 1507 spem
409 1451 502 1492 mearn
516 1433 559 1491 vel
573 1433 603 1489 in
616 1432 785 1490 hominibus
800 1433 936 1489 innocen-

74 1527 159 1583 tibus
183 1525 336 1598 posuisse:
362 1525 472 1581 luerint
490 1523 625 1580 homines
644 1522 826 1594 qualeslibet,
851 1538 936 1594 egos

74 1614 196 1672 Christo
217 1614 325 1686 accepi,
345 1630 397 1685 ego
417 1632 433 1670 a
451 1613 565 1670 Christo
582 1612 747 1685 baptizatus
762 1626 839 1667 aum.
859 1610 934 1682 Non,

75 1704 186 1776 inquit,
199 1703 249 1760 aed
262 1703 467 1775 llleepiscopus
477 1709 504 1759 te
515 1700 935 1773 baptizarit,etilleepiscopus

77 1794 140 1850 illis
151 1793 360 1851 communicat.
371 1796 391 1849 il
404 1792 519 1849 Christo
529 1808 596 1848 sum
606 1790 780 1864 baptizatus,
793 1790 933 1863 ego‘novi.

77 1884 164 1942 Unde
176 1885 276 1941 noeti‘l
292 1885 395 1941 Docuit
408 1900 455 1940 ms
464 1883 598 1940 columba
611 1898 699 1956 quam
711 1882 781 1937 vidit
796 1885 934 1938 ioannes.

73 1974 97 2031 0
110 1975 201 2032 mitre
214 1975 297 2045 malo,
311 1991 366 2031 non
380 1991 425 2031 me
434 1972 559 2031 dilanias
570 1991 587 2030 a
599 1972 759 2029 visceribus
771 1971 933 2028 culumbae:

73 2066 104 2122 in
122 2067 269 2123 columbas
285 2065 425 2122 membris
441 2080 578 2121 numeror
594 2080 601 2133 ;
621 2063 690 2137 quia
704 2062 783 2136 quod
799 2062 933 2119 columba

71 2158 187 2225 docuit,
202 2157 256 2213 hoc
272 2155 348 2212 nori.
359 2155 402 2211 'l'u
419 2154 490 2212 mibi
505 2154 590 2221 dicis,
602 2153 653 2210 llle
667 2152 870 2227 tebaptiaavit,
885 2155 936 2208 aut

69 2249 122 2306 ille
132 2254 163 2305 te
178 2247 335 2321 baptizavit
351 2267 359 2317 ;
376 2263 426 2320 per
437 2245 604 2303 columbam
626 2245 734 2301 mihist
749 2244 801 2300 tibi
817 2243 934 2307 dieitur,

69 2341 123 2396 llic
135 2349 177 2396 est
191 2341 240 2411 pai
250 2337 391 2411 baptizat:
405 2336 452 2393 cui
468 2336 563 2403 credo,
580 2333 677 2400 milvo,
693 2351 729 2391 an
746 2333 910 2390 columbae?

109 2427 156 2483 ti.
172 2425 254 2482 Gerre
270 2433 299 2480 tu
317 2422 387 2480 mibi
404 2420 463 2487 dic,
481 2430 509 2477 ut
525 2421 673 2493 perillam
695 2421 845 2477 lucernam
863 2437 933 2477 con·

71 2515 221 2584 laudaris,
233 2531 292 2586 qua
307 2512 422 2571 contusi
434 2516 503 2569 sunt
514 2516 542 2568 at
557 2511 668 2583 priores
683 2510 805 2577 inimici,
825 2527 908 2583 pares
922 2513 931 2547 ¹

72 2606 115 2661 tui
127 2604 276 2679 phariaei,
288 2603 418 2678 quicum
435 2602 646 2674 interrogarent
657 2600 822 2668 Dominum,
837 2602 865 2655 in
877 2618 935 2672 qua

73 2696 223 2767 potestate
236 2692 292 2749 iste
308 2692 417 2748 laceret
434 2708 441 2749 :
456 2690 635 2759 lnterrcpalro
650 2697 676 2746 et
697 2705 743 2760 epo
760 2705 815 2757 ros,
826 2688 934 2761 inquit,

72 2782 162 2840 istum
175 2797 339 2850 sermonem,
361 2780 452 2837 Dicite
474 2781 557 2848 midi,
573 2780 719 2849 baptismo
731 2779 846 2835 loannis
862 2778 935 2835 ande

74 2875 138 2929 est?
154 2871 187 2928 de
200 2872 267 2927 ecto
277 2887 314 2926 an
327 2886 362 2926 ex
376 2868 557 2926 bominibus?
571 2869 604 2924 dr
615 2867 656 2923 illi
672 2867 720 2938 qui
733 2867 935 2940 praeparabant

70 2961 199 3036 jaculari
216 2960 310 3029 dolos,
326 2959 429 3017 irretiti
446 2965 515 3016 sunt
531 2959 702 3031 quastione,
718 2963 864 3028 caeperunt
875 2959 934 3015 vol·

75 3067 144 3107 vere
159 3050 238 3123 apud
254 3049 433 3122 semetipsos,
449 3053 478 3104 et
490 3049 596 3114 dicere,
612 3047 642 3104 Si
656 3048 809 3104 dixerimus
824 3047 889 3120 puin
901 3048 934 3105 de

75 3140 143 3196 coelo
156 3145 207 3207 est,
227 3139 353 3195 dicturas
366 3147 406 3194 ert
429 3136 518 3207 nobb,
535 3138 625 3208 Quare
648 3154 704 3192 non
727 3136 868 3193 credidisti
882 3140 935 3194 ei?

74 3230 206 3286 ioannes
228 3228 308 3285 enim
335 3229 445 3285 dixerat
468 3228 503 3283 de
526 3227 654 3296 Domino,
679 3229 745 3285 Eece
770 3229 860 3298 Apsus
875 3228 932 3298 Dei,

73 3336 135 3379 sue
150 3321 200 3392 qui
214 3317 287 3376 tollit
298 3324 439 3391 precatam
454 3319 551 3375 mandi
561 3320 650 3390 (loon.
667 3336 687 3387 r,
703 3318 762 3391 29.)
776 3319 850 3384 Quid
865 3335 934 3391 orgo

75 3408 221 3483 queritis,
238 3408 339 3480 inqua
354 3413 496 3480 potestate
511 3408 585 3464 lacio
600 3408 614 3464 i
627 3410 649 3464 0
663 3407 736 3480 lupi,
752 3407 780 3464 in
794 3413 935 3482 potestate

74 3499 153 3572 Agrai
169 3498 245 3556 lacio
259 3499 337 3571 quod
354 3499 439 3554 lanio.
456 3498 511 3555 Sed
529 3497 694 3554 utnossetis
705 3500 831 3571 tignum,
842 3515 934 3571 quare

78 3607 139 3647 non
155 3587 323 3645 credidistis
346 3589 462 3658 ioanni,
488 3588 537 3661 qui
558 3588 640 3654 dixit,
670 3589 734 3645 licre
757 3591 848 3660 Aptans
874 3589 933 3659 Dei,

75 3695 137 3736 ecee
151 3679 201 3751 pai
210 3676 287 3735 tollit
301 3681 441 3749 peceatum
451 3676 549 3733 mandi
558 3680 573 3735 t
587 3678 794 3750 Scientesergo
811 3677 851 3734 illi
863 3679 933 3752 qnid

78 3770 205 3827 dixisset
222 3767 350 3825 loannes
374 3767 410 3823 de
433 3769 566 3839 Domino,
588 3768 724 3825 dixerunt
747 3771 824 3841 apud
850 3786 889 3836 se,
905 3770 936 3826 Si

76 3860 232 3916 dixerimus
243 3856 309 3931 qnia
319 3857 431 3914 decreto
442 3858 650 3931 estbaptismus
660 3859 874 3926 ioannis,dicet
889 3876 936 3917 nn·

79 3950 132 4019 bis,
143 3949 308 4018 Qucrserpo
322 3964 377 4004 nnn
386 3946 543 4005 credidistis
553 3948 580 4005 ei
588 3956 602 4004 i
616 3951 647 4006 Si
656 3949 811 4006 dixerimus
826 3951 892 4022 quic
901 3967 937 4008 ee

78 4035 243 4097 inminibus
257 4040 307 4103 est,
323 4032 512 4106 lapidabimur·
524 4053 542 4091 a
555 4037 657 4108 popolo
670 4052 682 4100 ,·
697 4038 761 4108 pain
775 4038 935 4110 proplietam

79 4125 183 4181 labent
196 4124 340 4181 loarrnem.
356 4124 425 4181 ilino
442 4123 582 4182 timebant
592 4127 738 4194 homines,
751 4127 818 4185 binc
830 4128 935 4186 verita·

78 4213 233 4276 temtatori
249 4212 509 4274 contundebantur.
521 4216 659 4273 Tenebrae
670 4218 804 4274 tenebras
820 4234 935 4289 respon·

79 4307 197 4373 derunt,
214 4304 265 4360 sed
281 4322 298 4360 a
312 4305 378 4362 luce
388 4315 530 4379 superato
545 4313 625 4365 sunt.
637 4308 712 4375 Quid
727 4310 805 4365 enirn
820 4325 939 4382 reapon-

80 4396 188 4451 derunl
197 4393 212 4449 ‘i
220 4393 381 4451 Nescimus:
393 4396 469 4467 quod
481 4397 623 4464 sciebant,
635 4397 779 4468 dixerunt,
790 4398 937 4457 nescimus.

81 4480 112 4535 Er
126 4481 281 4548 Dominus,
294 4498 343 4539 nec
352 4497 401 4554 epo
410 4485 485 4540 vobis
499 4484 568 4553 dieo,
580 4485 686 4558 inquit,
699 4489 728 4541 in
744 4503 796 4558 qao
810 4494 940 4556 potestate

83 4574 135 4625 ista
145 4573 219 4643 tario
233 4571 340 4645 (dotali.
356 4588 414 4641 sss,
426 4574 522 4645 23-27)
544 4573 579 4629 Et
589 4575 701 4631 confusi
710 4582 781 4633 sunt
792 4577 877 4649 primi
887 4576 940 4633 ini-

83 4662 163 4721 mici.
179 4661 287 4721 onnes
302 4664 340 4721 De
350 4663 478 4721 lucerna.
495 4667 566 4733 Quia
576 4671 638 4723 erat
650 4665 791 4723 lucerna?
803 4667 940 4725 loannes.

711 212 945 278 amaturus
966 214 1029 278 vll.
1053 217 1185 284 CAPUT
1205 221 1232 286 1.

1759 225 1842 293 ttae
1877 296 1880 301 .

987 354 1091 413 tundat
1105 357 1240 417 inimicos
1251 376 1321 419 euos
1335 377 1387 432 par
1401 359 1548 420 lacernam
1565 377 1660 420 susm.
1678 364 1847 441 interroga·

988 460 1055 501 mua
1066 450 1157 505 einos
1168 451 1245 522 quod
1261 450 1401 507 Dominus
1412 451 1796 523 sudnosnmarrorennset
1806 458 1850 515 di·

989 550 1100 604 oamus,
1113 537 1260 609 Baptisme
1269 539 1551 598 loannisundeest?
1564 542 1600 600 de
1610 541 1693 612 coelo,
1704 561 1741 601 sn
1750 546 1849 605 eslan-

990 624 1142 683 minibus?
1157 630 1229 696 Quid
1242 631 1345 687 dicturi
1357 635 1441 699 eunt,
1450 631 1556 702 videte,
1571 633 1597 689 si
1609 649 1667 691 uon
1678 638 1707 691 et
1718 633 1774 708 ipsi
1785 640 1848 693 tan·

990 729 1079 785 quam
1092 717 1201 774 inimici
1219 720 1254 776 de
1269 718 1389 776 lucerna
1404 721 1637 779 contunduntur.
1653 722 1725 788 Quid
1742 724 1846 781 dicturi
1955 726 1958 731 '

990 804 1079 861 aunt‘l
1090 805 1119 863 Si
1131 807 1313 878 dixerint‚llx
1326 808 1509 879 hominibns3
1522 814 1550 866 et
1560 810 1616 878 ipsi
1625 811 1725 870 sulcos
1735 811 1846 884 lapida-

990 895 1082 951 bont:
1098 896 1121 951 si
1132 902 1229 954 autem
1243 897 1379 966 dixerint,
1387 897 1427 954 lle
1437 898 1526 967 coeln;
1539 899 1735 972 dicamuseis,
1754 903 1849 969 Quare

990 1002 1058 1058 ergo
1076 1003 1133 1043 non
1149 988 1314 1045 credidistis
1324 988 1374 1045 eit
1391 990 1490 1046 llicum
1503 991 1635 1059 tortasse,
1645 991 1799 1049 Credimus
1808 993 1847 1052 ei.

990 1076 1139 1141 Quomodo
1154 1092 1222 1148 ergo
1238 1077 1336 1134 dicitis
1351 1079 1419 1151 qula
1430 1094 1480 1135 vns
1495 1079 1661 1153 baptizatis,
1676 1082 1843 1142 stloannes

990 1164 1069 1231 dicit,
1087 1166 1136 1221 ilie
1148 1168 1248 1237 estqui
1270 1167 1392 1237 baptizat
1407 1171 1422 1222 t
1436 1166 1491 1223 Sed
1517 1168 1679 1241 ministros,
1694 1169 1845 1242 inquinat,

989 1252 1181 1323 tantijudicis
1189 1255 1285 1323 justos
1300 1259 1414 1328 oportet
1428 1271 1504 1326 esse,
1520 1271 1570 1328 per
1582 1273 1655 1330 quos
1670 1259 1841 1331 baptizatur.

989 1341 1025 1398 itt
1043 1357 1094 1412 ego
1118 1341 1193 1411 dico,
1208 1346 1238 1398 et
1252 1359 1357 1400 omnes
1380 1343 1516 1412 dicimus,
1537 1345 1607 1418 quia
1618 1346 1716 1417 justos
1730 1353 1846 1422 oportet
1914 1386 1916 1391 -

989 1448 1054 1490 asse
1066 1432 1258 1503 tantijudicis
1274 1433 1424 1491 ministros
1436 1451 1442 1490 :
1455 1434 1514 1491 sint
1525 1436 1652 1493 ministri
1665 1439 1750 1509 justi.
1766 1439 1847 1498 airc-

991 1521 1068 1590 lunt,
1081 1522 1106 1578 si
1117 1527 1215 1578 autem
1224 1521 1573 1597 noluerintesaejustiqui
1581 1524 1745 1583 cathedram
1753 1527 1845 1602 Moysi

990 1612 1092 1668 sedent
1106 1611 1127 1681 ¹,
1145 1628 1279 1669 securum
1304 1629 1350 1670 ma
1375 1614 1441 1672 lecit
1469 1614 1604 1688 magister
1626 1632 1718 1687 meua,
1735 1617 1770 1674 de
1783 1634 1843 1693 quo

990 1701 1118 1774 Spiritus
1133 1702 1198 1772 ejus
1213 1702 1293 1764 dixit,
1306 1704 1355 1759 llic
1369 1712 1409 1760 est
1423 1704 1473 1776 qui
1489 1705 1621 1777 baptimi.
1632 1705 1784 1775 Quomodo
1799 1722 1847 1763 ae-

989 1806 1094 1846 curum
1111 1805 1157 1847 me
1174 1789 1270 1847 lecit?
1292 1791 1409 1859 Seritae,
1431 1793 1537 1865 inquit,
1557 1793 1737 1853 etl'lroriscei
1750 1794 1846 1852 calie-

989 1880 1070 1935 dram
1085 1879 1169 1952 llopsi
1182 1879 1295 1950 sedent;
1311 1896 1375 1954 qaae
1384 1881 1491 1952 dicunt,
1504 1886 1606 1956 tacite:
1620 1900 1681 1956 pore
1695 1888 1787 1943 auum
1804 1886 1847 1955 [a-

988 1968 1076 2038 ciant,
1089 1971 1180 2040 fucere
1193 1970 1282 2028 notite
1292 1989 1302 2026 :
1316 1970 1412 2027 dicunt
1422 1973 1507 2042 enim,
1516 1979 1542 2028 et
1556 1973 1724 2045 contorium
1737 1972 1844 2047 (sarit.

988 2075 1069 2125 sxrn,
1085 2062 1112 2127 2,
1129 2060 1166 2132 3).
1181 2059 1211 2116 Si
1227 2060 1313 2116 luerit
1329 2060 1462 2117 minister
1474 2062 1587 2133 justus.
1609 2068 1745 2136 computo
1761 2062 1843 2120 illurn

988 2164 1056 2204 cum
1069 2148 1166 2216 Panlo,
1179 2156 1318 2220 cumputo
1328 2148 1410 2206 illurn
1423 2167 1489 2207 cum
1502 2151 1585 2208 Petro
1598 2170 1605 2221 ;
1616 2169 1682 2208 curn
1693 2153 1756 2209 istis
1766 2169 1847 2211 corn·

991 2242 1063 2310 puto
1069 2239 1167 2308 justos
1179 2238 1342 2296 ministros:
1356 2240 1574 2311 quieverejusti
1587 2241 1712 2298 ministri
1719 2239 1843 2315 gloriam

988 2343 1073 2384 auam
1087 2343 1144 2384 non
1154 2336 1301 2400 querunt:
1316 2328 1440 2385 ministri
1453 2330 1529 2386 enirn
1545 2338 1624 2396 sunt,
1637 2331 1846 2402 prejudieibus

989 2417 1089 2473 baberi
1114 2417 1227 2483 nolunt,
1253 2434 1333 2489 apem
1350 2418 1378 2474 in
1396 2434 1427 2474 se
1444 2418 1512 2491 poni
1527 2419 1736 2476 exhorrescunt
1751 2437 1759 2476 s
1776 2436 1845 2495 ergo

988 2515 1124 2579 computo
1134 2507 1298 2564 cumPaulo
1306 2508 1421 2578 justum
1433 2508 1611 2566 ministrum.
1623 2509 1696 2574 Quid
1709 2509 1787 2566 enim
1799 2510 1846 2566 di·

988 2599 1027 2653 cit
1043 2596 1172 2654 Paulus‘l
1187 2597 1241 2666 ene
1254 2598 1391 2669 ptentnoi,
1404 2598 1499 2669 Apollo
1514 2597 1616 2671 rtpcoit
1627 2615 1639 2662 ,·
1652 2600 1704 2656 sed
1717 2599 1788 2656 lieres
1801 2603 1846 2656 iss·

987 2695 1156 2745 crescentem
1170 2686 1244 2744 dedit
1255 2707 1266 2743 .·
1279 2705 1367 2760 nepae
1382 2692 1429 2761 qui
1442 2688 1555 2761 plantat
1569 2699 1608 2745 ast
1622 2688 1740 2762 aliquid,
1756 2706 1844 2764 neque

987 2779 1036 2850 pai
1050 2781 1123 2849 ripct
1132 2794 1143 2840 ,·
1157 2777 1204 2833 sed
1218 2777 1267 2850 qni
1281 2780 1480 2834 incrementum
1492 2778 1542 2834 dot
1556 2780 1625 2836 Deae
1641 2781 1664 2852 (Ι
1677 2778 1738 2835 Cor.
1757 2796 1801 2851 ns,
1816 2781 1846 2849 d,

986 2869 1026 2939 7).
1042 2867 1096 2935 Qui
1117 2883 1182 2925 vero
1204 2867 1289 2922 luerit
1313 2869 1458 2939 superbus
1475 2868 1618 2937 minister,
1635 2884 1699 2925 cum
1717 2867 1846 2926 zabulo¹

986 2962 1193 3030 computatur:
1216 2959 1264 3013 sed
1281 2974 1338 3013 nnn
1365 2960 1581 3015 contaminatur
1600 2960 1710 3016 donum
1726 2958 1844 3029 Christi,

988 3049 1065 3122 quod
1076 3063 1125 3119 per
1137 3046 1222 3103 illum
1239 3047 1302 3103 ilnit
1313 3064 1431 3120 purum,
1443 3051 1520 3120 quod
1538 3064 1589 3121 per
1599 3048 1682 3105 illum
1695 3049 1800 3107 transii
1811 3048 1847 3106 li·

987 3137 1107 3210 quidum
1119 3137 1195 3194 venit
1207 3138 1240 3193 ad
1258 3135 1379 3195 lertilem
1389 3143 1505 3195 terram.
1518 3143 1592 3195 Puta
1607 3139 1677 3212 quia
1692 3139 1755 3214 ipsa
1770 3138 1843 3212 lapi·

987 3230 1129 3295 deusest,
1148 3226 1214 3300 puin
1227 3245 1261 3284 ex
1276 3245 1352 3300 aqua
1374 3228 1497 3285 iructum
1515 3229 1587 3285 lerre
1604 3244 1661 3286 non
1677 3233 1794 3303 potest:
1811 3232 1842 3287 et

987 3337 1038 3394 per
1051 3319 1200 3391 lapideum
1216 3318 1347 3375 canalem
1367 3317 1473 3375 transit
1488 3335 1576 3391 aqua,
1592 3319 1698 3375 transit
1712 3335 1790 3391 aqna
1803 3317 1838 3375 ad

987 3408 1100 3467 areolas
1116 3409 1127 3443 ⁸
1143 3425 1151 3477 ;
1168 3407 1197 3464 in
1214 3406 1307 3464 canali
1323 3407 1435 3479 lapideo
1449 3407 1520 3465 nibil
1532 3411 1661 3479 generat,
1677 3408 1729 3464 aed
1745 3414 1844 3463 tamen

986 3504 1100 3563 bortis⁴
1112 3504 1407 3578 plurimnmtructum
1420 3502 1685 3574 allert.Spiritnalis
1695 3503 1774 3560 enim
1785 3502 1846 3559 vir·

987 3601 1036 3653 tue
1047 3594 1226 3651 sacramenti
1238 3594 1278 3649 ita
1290 3601 1333 3650 est
1344 3597 1375 3648 ut
1390 3593 1453 3649 lus:
1470 3596 1499 3648 et
1508 3593 1543 3649 ab
1555 3591 1759 3651 illuminandis
1770 3607 1847 3665 pura

987 3684 1139 3756 excipitur,
1155 3686 1185 3738 et
1200 3683 1225 3738 si
1241 3697 1291 3754 per
1308 3682 1479 3738 immundos
1488 3686 1628 3753 transeat,
1640 3698 1698 3740 non
1709 3681 1849 3755 inquina-

988 3780 1044 3832 tur.
1061 3775 1125 3831 Sint
1141 3772 1225 3845 plane
1249 3771 1377 3828 ministri
1398 3772 1484 3843 justi,
1502 3777 1529 3830 et
1544 3771 1669 3846 gloriam
1684 3789 1770 3830 suam
1784 3789 1843 3831 non

988 3869 1127 3938 quarunt,
1143 3863 1194 3920 aed
1208 3861 1287 3919 illius
1302 3863 1388 3933 cujus
1402 3862 1530 3919 ministri
1545 3870 1614 3919 sunt
1629 3878 1636 3918 :
1655 3879 1712 3920 non
1732 3862 1842 3931 dicant,

988 3954 1243 4026 Baptismamenm
1254 3955 1298 4009 est
1313 3951 1400 4023 rquia
1411 3968 1468 4008 non
1479 3957 1524 4010 eat
1535 3943 1846 4024 ipsorumdttendant

989 4043 1086 4116 ipsam
1102 4043 1255 4100 loannem.
1278 4045 1350 4098 Ecce
1373 4041 1501 4099 loannes
1525 4041 1630 4114 plenus
1653 4046 1716 4099 eret
1732 4040 1845 4115 Spiritu

989 4136 1091 4191 sancto
1107 4149 1115 4200 ;
1131 4136 1159 4189 et
1176 4130 1359 4204 baptismum
1375 4129 1410 4187 de
1425 4130 1495 4188 coeln
1512 4131 1645 4198 habebat,
1662 4146 1720 4187 non
1741 4147 1774 4187 ex
1789 4130 1845 4188 ho·

990 4223 1140 4279 minibus:
1166 4221 1216 4278 sed
1229 4219 1536 4294 quatenushabebat‘l
1550 4219 1615 4292 lpas
1638 4218 1721 4285 dixit,
1741 4221 1843 4276 Parate

989 4315 1064 4370 uiam
1080 4314 1196 4369 Domino
1211 4313 1302 4382 (loen.
1325 4328 1345 4378 r,
1364 4310 1422 4380 23).
1447 4308 1501 4366 Ubi
1521 4314 1619 4365 autem
1643 4307 1777 4380 cognitus
1800 4308 1846 4363 est

991 4400 1144 4468 Dominus,
1160 4400 1222 4472 ipse
1238 4398 1332 4454 lactus
1345 4403 1389 4454 eat
1404 4397 1448 4453 via
1464 4414 1471 4465 ;
1494 4412 1551 4453 non
1563 4398 1708 4468 jamopua
1720 4399 1783 4453 erat
1796 4394 1848 4453 bs-

992 4491 1129 4566 ptismats
1142 4487 1274 4556 loannis,
1293 4504 1350 4558 quo
1367 4490 1518 4559 pararetur
1533 4486 1577 4543 ria
1594 4484 1726 4543 Domino.

1029 4579 1072 4634 td.
1088 4579 1198 4633 Tamen
1222 4574 1291 4646 quid
1319 4574 1404 4631 nobis
1425 4574 1517 4630 solent
1541 4572 1664 4631 diceret
1688 4574 1760 4632 llace
1779 4575 1846 4647 post

992 4668 1135 4724 loannem
1156 4664 1330 4738 baptizatum
1354 4669 1409 4721 est.
1424 4667 1588 4738 Antequam
1604 4663 1682 4722 enim
1697 4664 1772 4721 bene
1787 4662 1846 4720 ista

84 4752 244 4810 Probamus
269 4755 339 4825 quia
359 4753 479 4812 lucerna
497 4755 587 4813 erati
615 4755 783 4814 Probamus.
801 4758 941 4814 Dominus
994 4757 1115 4831 qnaestio
1130 4758 1304 4813 tractaretur
1318 4755 1348 4812 in
1364 4753 1493 4812 llceleais
1507 4754 1659 4824 catholica,
1676 4754 1759 4812 multi
1774 4754 1804 4809 in
1815 4767 1850 4810 aa

84 4838 161 4895 enim
173 4838 266 4896 dicit:
281 4840 333 4897 lile
347 4850 408 4897 erat
420 4841 533 4901 lacerna
546 4842 645 4900 ardens
659 4852 685 4899 et
701 4843 793 4899 lucens
807 4845 898 4916 (loen.
913 4861 941 4917 a,
994 4854 1176 4915 erraverunt,
1191 4851 1221 4903 et
1237 4846 1335 4919 magni
1350 4850 1379 4903 et
1393 4844 1462 4902 boni
1476 4845 1517 4919 (a)
1533 4862 1540 4903 ε
1556 4846 1607 4903 sed
1623 4844 1740 4918 quiade
1756 4856 1848 4899 mem·

84 4927 141 5001 ³5l·
162 4926 406 5000 ¹³¹⁰¹>⁸¹¹1⁸¹⁸⁴l¹¹itl
421 4935 450 4988 θῑ
464 4931 499 4988 ‘¹⁰
514 4931 579 5002 ¹9¹⁰
594 4932 709 4989 ⁰⁰⁰s⁰⁸i
724 4935 794 4988 ⁸¹1¹st
809 4931 942 4989 inimici?
994 4941 1057 4998 bris
1072 4939 1214 4996 columba
1229 4941 1322 5004 erant,
1344 4953 1401 4993 non
1422 4953 1453 4993 ae
1472 4936 1678 5010 praeciderunt,
1694 4940 1722 4989 et
1737 4933 1846 4987 lactum

84 5016 237 5074 Psalmum
248 5017 336 5074 sudi:
353 5020 466 5089 Paravi,
478 5020 583 5094 inquit,
597 5019 739 5078 lacernam
750 5021 857 5079 Christo
867 5037 943 5084 meo:
996 5035 1041 5091 nst
1055 5029 1085 5085 in
1100 5028 1143 5084 sis
1158 5027 1236 5101 quod
1252 5025 1326 5084 dixit
1339 5026 1508 5099 Apostolus,
1520 5025 1551 5082 Si
1563 5022 1630 5096 quid
1643 5021 1729 5077 aliter
1737 5019 1848 5091 sopitis,

84 5106 211 5166 inimicas
228 5109 289 5181 ejas
299 5110 419 5214 ‘induam
433 5113 592 5212 confusione
606 5114 692 5214 (dmi.
708 5128 804 5183 csxxr,
825 5115 868 5181 tr,
888 5112 944 5213 18),
1030 5157 1038 5192 ¹
1055 5154 1099 5205 Sic
1111 5151 1175 5203 ω’
1191 5151 1278 5202 ωδ
1293 5152 1374 5211 ΗΜ
1389 5156 1416 5201 ⁸3
1427 5151 1503 5214 juxt,
1519 5146 1562 5197 gf,
1580 5142 1664 5208 pugn,
1678 5143 1743 5196 vm,
1758 5141 1851 5207 regen.

121 5197 166 5255 ¹5.
179 5197 283 5257 nahae
298 5216 329 5256 ιιι
346 5200 435 5272 hans
451 5206 515 5258 vita
525 5203 652 5261 tenebris
665 5203 700 5259 ad
717 5201 944 5259 lucernamirder
997 5217 1073 5276 dnm,
1090 5218 1118 5266 in
1131 5213 1257 5265 cathedra
1272 5213 1464 5278 representem.
1498 5209 1524 5258 lt

87 5288 277 5346 ambulemus
294 5307 300 5344 :
317 5293 470 5349 teneamus
496 5297 526 5350 et
550 5309 601 5349 nos
626 5292 774 5349 lucernam
788 5292 944 5363 ioannem,
1030 5266 1851 5403 2lssssrltlltlalzlffleltlgflegaffirggssgwflfii'wffiffgffl

86 5377 946 5454 coafundsmuaetindeinimicosGbristi;imoipseccn-
998 5406 1021 5457 ,p
1072 5403 1277 5453 mederentur.
1326 5401 1360 5451 Μ,

1030 5468 1043 5504 ⁶
1067 5466 1223 5515 nomnibus
1238 5465 1311 5522 llas..
1330 5462 1428 5511 tortas.

122 5533 130 5569 ¹
148 5531 225 5582 Unus
239 5530 378 5597 parcensis
388 5534 552 5598 Rapaces.
1032 5530 1069 5592 (c)
1083 5528 1246 5591 cyprianum
1258 5525 1284 5573 tn
1295 5523 1388 5588 prlmle
1398 5522 1534 5576 subintelli
1554 5520 1584 5579 it,
1595 5535 1709 5587 eumque
1724 5522 1783 5586 lpsc
1792 5518 1854 5568 car·

85 5591 393 5726 18ἕ)θί1ἒιιείῑιιιιιιιιι
407 5597 553 5649 caetham.
580 5598 679 5650 contar
703 5597 831 5663 epistolas
853 5596 894 5656 43,
907 5596 948 5658 88,
1000 5587 1344 5708 fflffiffiffnangilpm,
1360 5587 1392 5638 de
1407 5602 1460 5653 qua
1475 5589 1503 5639 in
1518 5537 1583 5640 ligb.
1597 5586 1632 5639 de
1646 5585 1780 5652 baptismo
1789 5593 1852 5633 con·
