3952 6150
112 158 216 237 nis

112 303 189 359 dunt
211 304 241 357 ut
255 298 330 356 fides
343 296 489 355 catholica
502 297 604 364 habet,
620 295 852 368 blaspheninnt;
866 311 936 351 cum

113 389 183 432 eum
194 377 223 427 et
234 371 365 428 occisum
375 368 548 442 praedicent,
559 373 589 424 et
598 367 809 423 resurrexisse:
826 367 898 439 qaia
909 370 938 422 et

113 445 121 501 i
147 460 178 500 se
194 447 317 499 satanas
333 440 526 510 transfigurat
548 455 580 495 se
605 439 635 495 in
650 439 792 510 angelum
812 439 886 494 lucis
901 437 937 509 (ll

136 532 180 573 er.
195 531 235 579 xi,
253 516 311 575 tl).
326 514 360 568 Et
373 511 472 566 aliter:
486 510 663 566 occiduntur
676 511 804 566 haereses
817 525 871 581 pei
886 511 938 565 Ca·

115 586 249 650 tholicos,
264 600 332 640 cuni
345 583 563 652 scripturarum
576 581 752 638 testimoniis
764 596 783 638 ο
807 581 939 652 primun·

113 663 173 741 tur,
188 656 240 712 sed
255 655 294 711 illi
318 652 512 709 nihilominus
527 653 616 724 quasi
630 658 743 709 setania
763 597 853 723 pfliga
865 652 940 707 redi-

115 722 940 927 {titillettlttittiiltintnitentia:

142 877 153 925 t
167 872 312 923 miroteest
322 866 747 932 emnieterrcsecretcbestiem,et
756 866 939 921 edornmrnnt

114 940 256 995 draconem
268 937 317 1009 qni
330 937 405 993 dedit
420 943 574 1008 potestatem
588 938 677 993 testie
689 957 700 993 :
713 938 815 1009 utique
828 936 941 993 habeut

115 1015 293 1084 potestatem
312 1009 451 1074 haretici,
464 1008 519 1063 sed
540 1011 688 1080 principue
701 1008 810 1064 Ariani.
825 1008 863 1064 Et
877 1007 940 1061 ndo·

114 1088 247 1138 recerunt
262 1079 373 1135 bestiam
385 1079 511 1144 sinentes,
522 1079 588 1145 Quis
598 1079 698 1136 similis
706 1079 817 1135 bestiaei
828 1079 941 1150 estquis

114 1152 216 1226 poterit
226 1167 350 1224 pegncre
361 1151 474 1207 eumeni
486 1150 623 1208 Hocideo
635 1152 707 1223 quia
717 1150 940 1207 sibiblandina·

117 1230 163 1280 tur
178 1223 318 1290 haretici,
346 1223 430 1294 qaod
445 1221 544 1277 nullus
569 1222 675 1278 melius
703 1220 804 1278 credat
819 1221 885 1288 illis,
913 1225 941 1276 et

117 1295 200 1370 quod
214 1293 313 1350 nullus
327 1295 424 1350 vincat
439 1309 479 1364 po
504 1293 585 1348 ulum
600 1294 735 1364 ipsorum
758 1294 809 1365 qui
838 1292 941 1347 bestiis

116 1365 463 1424 nominecensetiir10ui
493 1371 574 1420 atum
586 1370 630 1419 est
639 1364 753 1435 abipso
775 1363 942 1429 diabolo,et

117 1455 136 1496 a
151 1442 210 1494 beo
227 1437 406 1508 permissum
419 1440 472 1499 est,
489 1438 521 1490 nt
535 1435 675 1507 loquetur
690 1449 802 1504 magna
816 1442 843 1490 et
858 1434 942 1490 blas·

118 1508 277 1583 phemias;
304 1507 464 1561 siciitdicit
489 1507 666 1577 Apostolus:
693 1505 803 1577 Oportet
830 1506 941 1561 hereses

118 1596 181 1647 esse,
192 1585 222 1635 iit
236 1579 285 1650 qni
292 1577 481 1650 prodetiennt,
495 1578 637 1648 manifesti
648 1578 704 1632 sint
717 1579 747 1631 c'n
759 1576 830 1632 robis
844 1576 863 1648 (t
879 1577 940 1632 Cor.

117 1667 158 1717 xi,
176 1652 232 1722 te).
248 1651 285 1705 Et
303 1649 368 1703 dcto
379 1653 417 1702 eet
429 1649 455 1703 ei
468 1653 584 1718 potestas
596 1648 686 1720 iecere
703 1664 800 1703 menses
824 1648 943 1719 qnodre·

117 1723 196 1794 ginta
205 1721 281 1776 dnos:
294 1725 413 1792 tempus
422 1719 595 1776 novissimae
608 1719 825 1791 persecutionis
837 1735 865 1773 ni
880 1718 943 1775 istis

118 1789 446 1874 quadragintaduobue
459 1791 614 1872 mensibus
626 1790 828 1872 intelligimus.
841 1790 943 1871 Deinde

118 1869 229 1991 ltili
240 1860 944 2015 tziltttltil‘tlttlt.tinnites:

119 2012 190 2062 runt
203 2004 364 2067 catholica:
377 2009 408 2059 ut
420 2020 471 2075 qui
487 2009 555 2060 ante
570 2003 685 2060 occulte
698 2012 775 2059 intra
782 2004 943 2060 Ecclesiam

119 2077 208 2146 quasi
222 2076 313 2131 tidem
328 2082 440 2131 rectam
454 2079 552 2131 tenere
568 2075 757 2143 videbantur,
767 2075 796 2130 in
807 2089 943 2147 persecu·

120 2150 199 2204 tione
215 2164 232 2202 a
255 2153 318 2203 erto
330 2161 380 2201 ore
396 2146 424 2200 in
440 2149 531 2201 ileum
546 2146 697 2217 proterant
710 2144 941 2218 blasphemiam.

119 2221 152 2275 Et
166 2219 196 2273 in
206 2162 408 2274 tniernneulnm
419 2217 485 2288 ejus,
496 2224 521 2272 et
535 2220 565 2271 in
578 2234 621 2274 ecs
630 2217 713 2289 quiin
724 2217 788 2273 ciete
799 2216 942 2272 lectitent:

120 2291 151 2347 id
168 2297 220 2354 est,
235 2294 264 2345 ιιι
280 2296 400 2345 sanctos
414 2289 466 2361 qui
480 2290 557 2345 intra
568 2289 729 2345 Ecclesiam
742 2290 941 2354 continentur,

120 2378 188 2434 quie
202 2361 311 2417 emtum
325 2367 368 2416 est
382 2365 565 2431 nuncupem,
578 2360 651 2431 quia
663 2360 756 2432 stipsi
770 2359 943 2416 tabernacu-

121 2433 184 2489 lum
201 2432 250 2488 ltei
266 2436 344 2487 sant.
362 2432 400 2486 Et
412 2430 506 2486 dotem
516 2431 585 2487 eetei
598 2431 787 2502 beltcmfceere
798 2446 945 2486 enmsanc·

122 2506 167 2569 tis,
180 2511 205 2559 et
218 2504 324 2559 sincere
334 2518 376 2558 ecs
390 2519 398 2556 :
412 2517 431 2558 a
444 2506 506 2559 toto
521 2508 637 2573 perlem
658 2502 861 2572 intelligimus,
876 2517 944 2575 quie

120 2576 199 2631 vinci
214 2580 326 2646 potest;
342 2589 403 2629 non
418 2574 497 2628 enim
513 2572 584 2629 honi
594 2573 761 2641 Christiani,
772 2573 825 2629 sed
840 2574 878 2628 illi
894 2572 944 2643 qui

122 2646 193 2704 meli
209 2652 278 2702 snut
291 2645 506 2701 vincuntur.Et
520 2644 585 2699 dcto
595 2652 632 2700 est
644 2647 789 2715 eipolestns
799 2661 881 2715 snper
893 2660 946 2698 em·

125 2735 183 2775 nem
196 2718 297 2774 tribum
313 2724 338 2771 et
350 2716 482 2785 tinnitum,
497 2721 521 2770 et
536 2716 687 2770 odorabunt
699 2731 756 2771 eom
767 2731 855 2770 omnes
869 2714 944 2769 tett-

124 2796 211 2845 tentes
225 2795 330 2843 terrain
341 2801 464 2841 :omnes
479 2786 564 2850 dixit,
575 2788 626 2840 seit
641 2788 671 2840 in
680 2792 757 2843 terra
766 2787 945 2851 habitantes,

125 2875 185 2915 non
198 2861 229 2914 in
243 2857 329 2914 coeto.
344 2856 463 2921 Quoiam
475 2862 573 2911 nonest
585 2856 642 2912 scri
661 2864 718 2913 tnm
731 2872 826 2913 nornen
836 2858 867 2913 in
877 2857 948 2912 libre

123 2931 188 2985 nite
200 2928 295 3001 Agat:
311 2928 349 2983 de
363 2927 485 2983 diabolo
504 2927 578 2983 dixit
593 2873 731 3009 'vesejus
746 2928 869 3001 populo,
886 2944 947 2985 non

125 3006 168 3058 est
183 3004 327 3073 scriptam
342 3014 453 3055 nomen
464 2999 530 3071 ejus
540 2999 570 3054 in
580 2998 655 3056 libro
667 3000 859 3072 vitia.Signeti
870 2999 948 3073 (eleb

123 3072 231 3145 origine
242 3070 354 3127 mnndi:
370 3071 442 3142 quia
456 3072 657 3141 inpraesentia
673 3075 722 3127 lter
737 3072 866 3128 Ecclesia
879 3077 948 3127 aute

124 3143 325 3217 preordinata
339 3149 384 3198 est
398 3147 487 3215 atque
501 3140 629 3212 signate.
645 3143 730 3208 Quod
747 3143 811 3216 ipse
826 3148 947 3216 priests·

125 3230 167 3281 re,
181 3222 236 3271 etc.

452 3298 565 3339 unsrun
584 3299 624 3339 xi.

158 3356 214 3431 [lb.
228 3354 388 3437 xnietxisJ.
402 3353 434 3409 ln
443 3353 568 3410 lectione
580 3370 649 3428 quie
664 3354 878 3412 modnrecitata
889 3361 942 3422 cst,

122 3428 227 3485 iratres
250 3426 429 3490 charissimi,
458 3425 632 3483 audivimus
657 3425 778 3483 beatum
802 3429 948 3484 loannem

124 3501 282 3563 dicentem,
295 3499 334 3553 Et
348 3496 408 3552 ridi
422 3496 504 3552 elium
527 3497 638 3553 bestiam
651 3498 836 3553 escendentem
849 3499 883 3553 de
894 3504 948 3553 tei·-

122 3588 156 3627 rn
169 3592 179 3628 :
196 3569 279 3642 quod
292 3574 338 3625 est
351 3584 443 3634 mare,
457 3568 513 3624 hoc
523 3576 610 3625 terra.
619 3568 777 3625 Etbcbebet
787 3570 949 3626 coriiuedne

122 3642 228 3699 similia
238 3640 335 3712 Aoni:
351 3639 379 3694 id
391 3645 444 3703 est,
458 3637 520 3694 duo
531 3641 718 3697 Testamenta
727 3640 766 3696 ad
782 3643 949 3697 similitudi·

123 3729 193 3770 nem
206 3716 293 3783 Agat,
304 3710 386 3782 quod
395 3716 438 3766 est
452 3710 591 3767 Ecclesia.
599 3712 636 3767 Et
646 3711 838 3782 loquebctnriit
849 3713 947 3768 druco:

122 3783 295 3841 hiecestille
308 3797 376 3855 quin
386 3782 443 3838 sub
453 3782 743 3839 nominechristiano
753 3798 948 3855 agnumprm·

123 3855 187 3920 lert,
203 3859 234 3909 ut
249 3854 387 3909 draconis
403 3853 651 3910 venenalatenter
661 3853 797 3911 infundet
810 3875 817 3920 t
830 3855 894 3911 hac
904 3858 948 3911 est

121 3925 261 3981 haeretica
276 3924 414 3978 Ecclesia.
440 3924 519 3986 Atini
537 3927 617 3980 enim
633 3925 859 3982 similitudinem
886 3942 947 3983 non

122 3995 297 4060 imitaretur,
310 3995 335 4047 ιι
350 3999 451 4064 aperte
465 3993 636 4066 loqueretur
652 4012 659 4050 :
676 4011 756 4051 nunc
777 3996 949 4052 Christiani·

123 4071 214 4123 tatem
225 4065 317 4134 tingit,
331 4079 393 4136 quo
407 4064 542 4120 securius
553 4065 689 4121 incautos
701 4067 839 4138 decipiat.
858 4068 948 4139 Prop-

120 4144 202 4194 terea
217 4135 361 4192 Dominus
375 4136 456 4199 dicit,
471 4137 569 4191 Cavete
588 4152 606 4190 e
625 4136 871 4209 pseudoprophetis,
890 4145 946 4195 etc.

121 4209 229 4281 (nnita.
247 4223 295 4273 ni,
312 4208 365 4269 lh).
381 4207 420 4262 Et
433 4207 501 4275 tacit
515 4213 616 4262 terrem
630 4214 656 4262 et
670 4224 713 4263 eos
726 4210 776 4280 qni
789 4209 819 4264 in
837 4227 868 4265 ee
883 4218 947 4266 sient

120 4286 150 4335 iit
160 4278 390 4335 odorenttestiem
398 4278 609 4349 prioremcsijiis
618 4281 947 4352 caroteeetplcgemoitis

120 4352 197 4407 e'iis:
214 4357 238 4405 et
250 4350 330 4419 faciet
341 4350 419 4421 signe
431 4365 538 4421 magne,
548 4350 589 4405 ito
602 4358 632 4406 iit
644 4351 733 4423 ignem
744 4352 829 4421 lecim
843 4352 947 4409 deseen-

118 4368 181 4478 Jrre
195 4422 226 4477 de
240 4422 303 4477 celo
316 4423 346 4475 in
360 4428 483 4476 terrem:
498 4429 527 4477 et
539 4422 611 4493 qnia
626 4422 735 4478 coelum
749 4422 879 4479 Ecclesia
890 4429 945 4492 est,

119 4494 193 4619 auid
216 4498 261 4548 est
274 4494 374 4562 ignem
389 4491 426 4547 de
442 4492 517 4548 coelo
532 4492 723 4558 descendere,
741 4494 798 4549 nisi
815 4494 944 4551 hereses

141 4563 293 4619 eEeclesia
305 4564 514 4619 cadercisicnt
525 4568 581 4619 scri
607 4570 668 4620 tum
680 4565 944 4631 est,Ecnobiseci'e·

119 4642 197 4701 runt,
210 4634 255 4690 sed
266 4652 319 4690 non
329 4640 409 4689 ernist
418 4651 451 4689 ec
462 4634 538 4689 nebi'e
548 4640 555 4699 t
560 4638 568 4691 Ι
578 4580 604 4690 5

118 4707 156 4762 de
172 4708 246 4762 coelo
259 4705 545 4776 descenditquando
555 4706 686 4764 haretici
696 4723 748 4780 qin
760 4710 797 4764 de
813 4708 945 4766 Ecclesia

117 4776 942 4901 velutignisreceduntigsamEcclesiampersequuntur.

118 4848 214 4905 Bestia
226 4863 297 4918 ergo
310 4863 379 4904 cum
390 4848 452 4904 duo
475 4865 508 4902 as
521 4849 673 4913 cornibus,
689 4849 757 4905 iacit
769 4857 801 4906 iit
813 4851 944 4923 populus

117 4919 313 4976 simulacrum
330 4917 443 4980 bestia.
457 4918 487 4974 id
502 4922 547 4974 est
559 4919 672 4976 diaboli
689 4921 942 4979 adinventionem

116 4993 231 5049 adoret.
242 4992 277 5047 ili
290 4990 376 5045 deicis
382 4996 472 5045 netem
486 5006 568 5060 snper
582 5007 692 5047 menum
702 5009 792 5047 eorem
804 4993 942 5060 dextram,

115 5070 164 5121 etit
180 5079 261 5135 snper
269 5063 387 5133 frontem
401 5078 515 5116 eornm:
532 5062 707 5132 mysterium
722 5064 801 5119 enim
812 5063 859 5120 dis
881 5070 944 5120 utet

115 5135 269 5191 facinoris.
287 5134 385 5190 Sancti
401 5133 480 5187 enim
495 5133 547 5204 qui
563 5138 632 5190 sunt
646 5133 676 5190 in
691 5133 832 5202 Ecclesia,
846 5081 943 5192 tibris-

118 5213 179 5263 tum
195 5204 346 5287 accipiunt
358 5204 387 5259 ia
401 5219 491 5259 inanu
507 5209 536 5259 et
546 5206 575 5260 in
585 5203 679 5262 ironte
692 5222 699 5271 ;
714 5205 877 5289 hypocrita
888 5223 943 5263 nu·

114 5282 175 5335 tem
191 5278 318 5333 bestiam
333 5276 389 5331 snb
403 5276 510 5330 Christi
525 5277 657 5332 nomine.
673 5274 705 5332 Si
718 5293 763 5348 qui
779 5294 832 5333 nen
844 5278 942 5333 cdere·

114 5357 213 5406 rerunt
222 5347 342 5413 bestium,
356 5362 403 5402 nec
416 5346 561 5416 imaginem
573 5347 639 5416 ejus,
655 5363 703 5403 nec
713 5357 871 5418 acceperant
886 5349 941 5405 ins-

113 5421 272 5491 criptionem
289 5422 298 5455 ¹
315 5421 458 5489 intrante,
482 5423 531 5473 cist
544 5418 573 5473 in
588 5435 670 5474 menie
691 5436 750 5486 ism,
767 5420 941 5479 occidentur:

115 5506 176 5545 non
191 5493 331 5547 abhorret
343 5507 361 5547 a
371 5490 437 5546 tiae
453 5496 484 5545 ut
494 5490 590 5547 bestia
601 5490 667 5562 ipsa
679 5490 771 5562 impia
783 5491 885 5548 civitas
897 5492 941 5549 ln·

115 5559 271 5630 telligatur,
279 5561 793 5635 idestcongregatiorelconspiratio
803 5565 940 5621 omnium

107 5690 115 5707 ,
144 5646 217 5695 ins.
244 5648 385 5705 Patrensis,
404 5650 613 5713 imaginemque
635 5665 714 5714 aeque
727 5651 936 5716 inscriptionem,

143 5708 939 5784 te)Proespbegmeison,occisi,legiteeptregisestiseii,sigimti,

598 4652 658 4690 ona.
671 4637 943 4719 ii,ttt).lgnisenim

581 169 618 229 nt
638 171 670 230 B.
691 170 838 229 toenitis
857 164 1112 228 trecentestn
1132 162 1336 226 expositio.

1762 162 1827 227 itti

996 295 1158 366 impiorum
1171 294 1215 350 vel
1231 293 1518 421 cognitoremque
1530 289 1826 374 Babyloniadicitur,

995 372 1024 423 et
1037 369 1247 437 interpretatur
1282 364 1403 421 oniusio
1424 380 1432 429 ;
1460 368 1489 419 et
1501 364 1543 420 ad
1560 377 1667 435 ipsam
1683 369 1828 435 pertinent

995 438 1179 510 quicumque
1197 452 1244 492 res
1259 436 1433 492 contusione
1450 434 1558 505 dignas
1570 449 1717 490 exercere
1733 434 1826 491 solue·

995 510 1062 564 rint.
1072 509 1136 580 lpse
1149 512 1192 563 est
1202 507 1333 580 populus
1342 505 1517 571 infidelium,
1527 506 1708 563 contrarius
1719 508 1826 578 populo

994 579 1075 636 fideli
1090 584 1117 636 et
1130 580 1239 635 civitati
1254 577 1314 635 Dei.
1332 581 1434 649 lmngo
1446 592 1516 634 vero
1528 576 1595 648 ejus
1606 576 1766 634 simulatio
1776 584 1824 645 est,

996 650 1026 707 in
1042 652 1084 706 eis
1099 650 1235 707 videlicet
1249 649 1433 714 hominihus,
1448 648 1499 721 qui
1514 650 1597 704 selut
1613 648 1713 704 iidem
1730 648 1826 707 cathu-

995 720 1083 779 licam
1097 724 1282 792 profitentur,
1292 728 1320 776 et
1330 719 1826 789 infidelitervivunt,tinguntenim

996 810 1027 849 se
1041 809 1106 849 esse
1120 793 1203 866 quod
1220 809 1279 848 nou
1304 799 1383 858 sunt,
1413 796 1621 873 vocanturque
1645 805 1714 847 non
1731 792 1823 849 veraci

996 864 1105 934 elligie,
1122 865 1174 920 sed
1200 863 1298 919 laliaci
1324 863 1458 932 imagine
1471 861 1646 919 christiani:
1665 861 1824 945 dequibus

995 938 1155 1007 Apostolus
1176 936 1256 999 dicit,
1279 934 1413 989 Habentes
1436 934 1547 1007 quidem
1569 933 1694 1005 speeiem
1708 937 1820 1005 pietatm

998 1008 1124 1062 virtutem
1134 1008 1289 1075 entemeiiis
1301 1006 1501 1130 ebnefnntestll
1510 1005 1632 1087 Timasi,
1640 1008 1672 1073 5)
1682 1021 1690 1071 ;
1700 1021 1821 1077 quorum

997 1094 1056 1134 non
1065 1094 1154 1149 parra
1164 1080 1260 1149 portio
1270 1079 1299 1132 in
1312 1080 1367 1132 Ecc
1379 1076 1441 1132 csin
1449 1082 1630 1133 continetur.
1639 1078 1720 1133 iusti
1731 1085 1822 1133 autem

997 1165 1056 1206 non
1071 1150 1196 1204 adorant
1208 1150 1346 1214 bestiam,
1362 1149 1457 1215 idest,
1472 1162 1534 1204 non
1549 1148 1761 1216 consentiunt,
1769 1164 1821 1205 nen

997 1218 1822 1291 subjiciuntur:nequeaccipiuntinscriptionem,notsm

997 1293 1107 1348 scilicet
1131 1291 1274 1355 criminis,
1291 1292 1321 1346 in
1340 1290 1435 1347 fronte
1453 1297 1577 1362 propter
1593 1290 1819 1362 professionem,

998 1363 1027 1418 in
1043 1378 1135 1418 manu
1150 1369 1272 1435 propter
1297 1362 1512 1433 operationem.
1540 1362 1688 1432 sicergo
1712 1360 1819 1428 facient,

1001 1435 1035 1491 iti
1048 1451 1123 1489 nenio
1137 1433 1220 1504 possit
1232 1434 1359 1498 merceri,
1373 1434 1428 1488 nisi
1438 1433 1489 1504 qni
1512 1432 1591 1487 babet
1607 1449 1710 1488 nomen
1720 1442 1771 1489 eiit
1782 1451 1823 1488 m·

998 1513 1054 1561 tom
1069 1506 1170 1567 bestie,
1185 1509 1234 1559 cut
1248 1520 1391 1559 nnmerum
1405 1505 1522 1559 nominis
1534 1506 1603 1576 ejice.
1620 1504 1679 1559 Hic
1692 1521 1725 1559 sc
1745 1506 1822 1560 tentia

998 1585 1046 1633 est.
1062 1577 1115 1642 Qni
1129 1575 1204 1631 hebet
1216 1576 1390 1641 intellectum,
1404 1583 1535 1647 computet
1549 1592 1701 1631 nnmerum
1747 1578 1822 1631 etia:

997 1647 1389 1705 nnmerusenimtiomim'sest:
1400 1647 1429 1701 id
1437 1653 1489 1708 est,
1500 1647 1560 1702 Eilii
1569 1646 1707 1703 hominis
1715 1648 1821 1714 Christi,

999 1721 1086 1790 cajus
1099 1734 1207 1775 nomen
1217 1718 1246 1773 in
1257 1717 1539 1775 tierencnsibitecii
1549 1719 1660 1774 bestia.
1674 1720 1824 1775 Faciamus

999 1806 1069 1860 ergo
1085 1806 1243 1846 nnmerum
1258 1806 1347 1863 quem
1363 1789 1446 1858 dixit,
1460 1795 1624 1861 utaccepto
1640 1791 1820 1847 numernin·

999 1862 1155 1918 veniamus
1171 1877 1280 1916 nomen
1296 1867 1323 1917 et
1338 1866 1451 1916 notam.
1468 1860 1620 1931 Numerus,
1638 1861 1748 1934 inquit,
1771 1862 1821 1931 nsi

998 1940 1036 1990 eet
1056 1933 1175 1988 seccemi'
1186 1932 1313 1987 secdecim
1330 1933 1351 1984 ¹.
1379 1932 1474 1996 Quem
1489 1930 1643 1988 iaciamus
1659 1933 1821 1988 secundum

999 2005 1115 2061 Grecos
1129 2004 1260 2059 maxime
1275 2004 1347 2075 quia
1362 2005 1400 2058 ad
1414 2003 1515 2059 tisiam
1531 2003 1646 2067 scribit,
1664 2004 1706 2059 Ει
1717 2020 1772 2076 ege,
1785 2006 1822 2061 in·

1023 2076 1074 2144 ait,
1088 2081 1138 2130 aet
1153 2097 1183 2129 ω.
1199 2076 1333 2130 Sescenti
1346 2079 1374 2128 et
1389 2073 1537 2129 sexdecim
1550 2076 1662 2146 grincis
1673 2074 1777 2131 litteris
1786 2077 1822 2130 sic

998 2093 1072 2204 iiant
1084 2148 1170 2219 χιστ’.
1185 2146 1256 2210 Qum
1271 2151 1347 2201 nolte
1361 2144 1476 2213 soluite,
1491 2160 1640 2201 numerus
1648 2150 1713 2202 eet:
1730 2146 1823 2203 redae·

1000 2224 1036 2275 tie
1052 2233 1151 2274 aiiiem
1168 2219 1198 2272 ιιι
1214 2231 1489 2287 nianogrammum,
1507 2221 1535 2272 et
1546 2221 1657 2274 nomin
1671 2217 1823 2281 laciiint,et

1000 2306 1171 2354 nnmerum,
1186 2294 1214 2344 et
1229 2304 1349 2344 nomen.
1366 2290 1424 2344 lloc
1436 2288 1556 2357 signum
1569 2288 1683 2345 Christi
1699 2289 1823 2359 intelligi·

1000 2367 1056 2427 tur,
1065 2361 1192 2431 etipsins
1200 2359 1366 2416 ostenditur
1375 2358 1549 2424 similitudo,
1558 2374 1658 2431 quam
1671 2360 1822 2417 inveritate

999 2431 1212 2488 colitEcclesia.
1224 2433 1275 2488 Cui
1288 2446 1318 2486 se
1332 2430 1458 2486 similem
1471 2428 1541 2486 lacit
1551 2430 1766 2488 haereticorum
1776 2432 1821 2488 ad·

999 2503 1191 2576 versitas,qui
1204 2518 1272 2558 cnm
1284 2501 1432 2558 Christum
1442 2500 1821 2577 spiritualiterpersequen·

1001 2581 1056 2641 tur,
1067 2580 1167 2630 tamen
1176 2573 1213 2628 ile
1226 2571 1414 2642 signocrucis
1424 2570 1531 2633 Christi
1541 2573 1670 2641 gloriari
1682 2573 1821 2631 videntur.

1001 2647 1061 2701 lloc
1078 2646 1155 2710 iileo,
1169 2644 1240 2717 quia
1254 2645 1367 2699 dictum
1383 2649 1437 2709 est,
1449 2645 1589 2701 Numeres
1601 2644 1824 2701 bestiarium

1002 2717 1123 2775 beminis
1134 2723 1183 2771 est.
1196 2714 1306 2780 Eteidi,
1319 2719 1346 2770 et
1356 2731 1411 2770 eece
1423 2718 1517 2786 Agnus
1525 2722 1604 2770 stans
1616 2715 1747 2773 iamoate
1758 2718 1824 2781 Stes,

1001 2795 1027 2844 et
1038 2805 1098 2844 ciem
1115 2794 1257 2843 eceeiitnm
1266 2786 1449 2859 quadraginta
1459 2792 1578 2858 quatitur
1587 2788 1694 2856 millia,
1709 2787 1826 2845 babeatis

1002 2876 1096 2916 nemen
1112 2861 1168 2931 eius
1178 2866 1203 2914 et
1219 2875 1313 2914 nemea
1326 2858 1421 2913 Putris
1435 2859 1494 2930 ejus
1503 2859 1642 2926 scriptam
1653 2861 1686 2915 iis
1697 2859 1826 2930 [rostitit

1002 2948 1103 2987 eornm.
1121 2932 1241 3001 aperuit
1256 2946 1323 3002 quae
1339 2930 1376 2985 sit
1390 2928 1516 2986 imitatio
1532 2937 1614 2985 notre
1628 2932 1660 2986 in
1678 2931 1825 2995 tionibus,

1002 3002 1075 3057 dum
1087 3008 1115 3057 et
1130 3002 1223 3058 Deum
1242 3008 1271 3057 et
1284 3001 1435 3057 Christum
1450 3001 1523 3057 dicit
1537 3002 1674 3073 scriptos
1688 3004 1719 3059 in
1735 3001 1827 3058 tronti

1002 3073 1061 3131 bus
1077 3072 1223 3128 Ecclesim.
1238 3072 1383 3128 Etandiei
1397 3088 1483 3127 uocem
1494 3072 1525 3127 de
1537 3072 1605 3128 calo
1615 3074 1692 3130 sicsit
1701 3088 1826 3146 equares

1002 3145 1152 3200 multarem
1161 3143 1207 3200 :id
1216 3149 1270 3207 est,
1285 3150 1404 3199 centnm
1416 3144 1622 3216 quadraginta
1631 3144 1827 3217 quatuormil·

1003 3216 1087 3272 lium.
1099 3217 1135 3271 Et
1150 3215 1220 3271 sicut
1241 3215 1360 3270 tonitrui
1381 3215 1488 3286 magni:
1502 3220 1529 3270 et
1544 3232 1730 3300 vocemquam
1742 3216 1827 3272 cedia

1003 3289 1072 3343 sicat
1089 3286 1303 3342 citharedorum
1327 3286 1555 3342 citharizantism
1574 3286 1604 3342 iri
1628 3288 1751 3344 estheris
1766 3289 1824 3343 seis.

1004 3359 1089 3423 Qnod
1103 3363 1202 3414 etitem
1218 3358 1303 3425 dixit,
1320 3357 1357 3412 tls·
1366 3359 1486 3429 suntqiii
1497 3374 1594 3414 seeum
1607 3360 1826 3416 mulieritatem

1003 3430 1258 3501 coinquinaverunt,
1271 3437 1339 3493 etc,
1353 3430 1483 3499 virgines
1496 3429 1557 3486 hoc
1570 3429 1643 3487 loco
1660 3446 1723 3488 noa
1738 3431 1824 3487 solnm

1003 3516 1129 3571 corpore
1151 3506 1249 3556 castos
1263 3500 1475 3569 intelligamus,
1492 3500 1544 3557 sed
1561 3503 1702 3559 maxime
1715 3515 1824 3559 omnem

1005 3572 1178 3638 Ecclesiam,
1202 3586 1270 3642 qum
1295 3570 1388 3627 tidem
1414 3586 1522 3643 puram
1551 3576 1646 3641 tenet,
1675 3573 1752 3630 sicut
1764 3572 1824 3629 dicit

1004 3643 1174 3714 Apostolus,
1188 3642 1325 3713 Spoincoi'
1334 3643 1405 3698 enim
1420 3659 1464 3699 ees
1477 3642 1527 3699 isai
1540 3645 1617 3710 cire,
1632 3645 1766 3717 virgineas
1777 3660 1824 3699 ese

1003 3722 1057 3769 tem
1073 3714 1197 3770 exiliore
1210 3714 1363 3796 Cliristotll
1375 3714 1442 3772 Cor.
1451 3730 1492 3781 xi,
1506 3714 1554 3784 bl:
1569 3716 1658 3773 nulla
1667 3715 1822 3773 adulterina

1002 3786 1210 3842 hereticorum
1225 3785 1437 3841 commixtione
1452 3785 1613 3858 pollutam,
1629 3802 1689 3844 nec
1714 3787 1743 3843 in
1756 3784 1823 3843 mue

1002 3856 1122 3913 blandis
1136 3862 1165 3912 et
1179 3856 1340 3912 mortiferis
1354 3856 1445 3927 hujus
1456 3857 1824 3931 mundivoluptatibusue·

1003 3928 1112 4055 ltili
1120 3927 1822 4074 illinititlntelttffltlttffltlttt

1002 4070 1116 4126 dicens:
1132 4070 1203 4125 Elin
1214 4070 1385 4141 oreipsoriim
1392 4072 1642 4127 nonestineentiim
1655 4072 1821 4129 mendacin.

1002 4141 1066 4198 Non
1081 4141 1163 4206 dixit,
1182 4157 1242 4197 aon
1254 4140 1324 4207 lnit;
1339 4143 1403 4206 sed,
1419 4158 1471 4197 nen
1483 4149 1521 4197 est
1534 4144 1694 4203 iacentum.
1710 4142 1822 4210 Qualem

1002 4214 1082 4270 enim
1098 4212 1210 4268 invenit
1227 4212 1369 4268 hominus
1384 4229 1453 4267 cnm
1469 4213 1539 4270 hinc
1565 4220 1686 4283 evocat,
1703 4214 1786 4271 talem
1799 4216 1822 4269 et

999 4283 1130 4354 judicet:
1144 4299 1215 4339 nam
1228 4288 1280 4339 ant
1291 4298 1343 4354 pei·
1352 4284 1546 4355 baptismum,
1559 4289 1614 4342 ant
1627 4301 1684 4358 pei·
1693 4286 1822 4358 preniten-

1003 4355 1074 4411 tiam
1085 4371 1247 4426 possumus
1260 4354 1290 4409 in
1301 4354 1433 4412 interiori
1441 4354 1563 4413 homine
1572 4360 1602 4412 et
1613 4358 1748 4428 virginee
1757 4354 1821 4412 ellici

1002 4432 1030 4481 et
1045 4426 1109 4482 sine
1136 4425 1305 4485 mendacio.
1321 4427 1404 4483 Nunc
1427 4427 1535 4483 iterum
1562 4428 1783 4502 recapitulatio.
1797 4429 1822 4481 ti't

1000 4496 1068 4563 vidi,
1082 4496 1286 4568 inquitatatem
1300 4497 1424 4569 segelum
1448 4496 1584 4554 velamem
1599 4499 1632 4553 iis
1653 4499 1742 4556 medie
1750 4498 1822 4555 eoeli:

1000 4568 1092 4638 idest,
1104 4568 1346 4637 praedicationem
1360 4570 1390 4624 in
1402 4568 1502 4626 medio
1510 4569 1657 4627 Ecclesiie
1665 4572 1821 4628 discurren-

1000 4644 1074 4696 tem.
1089 4640 1231 4695 llcbentem
1238 4640 1417 4712 Evangelisim
1429 4646 1581 4711 atteram,-
1592 4647 1627 4697 ist
1632 4642 1822 4715 evangelizaret

1000 4709 1187 4767 babitantibus
1201 4712 1231 4766 in
1243 4718 1329 4769 terra,
1344 4712 1457 4767 dicens:
1479 4712 1583 4768 Timete
1598 4715 1758 4779 Demissis,
1770 4719 1818 4769 ete.

999 4782 1109 4837 Volant
1120 4782 1212 4855 aliqui
1226 4782 1349 4852 intelligi
1362 4784 1504 4853 angelum
1517 4784 1679 4843 volantem
1690 4785 1722 4843 in
1736 4784 1822 4843 medie

999 4852 1065 4909 coeli
1082 4854 1191 4919 Elinm;
1209 4860 1238 4911 ct
1252 4854 1342 4911 aliam
1368 4854 1511 4925 angeium
1525 4856 1582 4927 qui
1597 4870 1704 4915 enine
1745 4859 1820 4919 nitur,

999 4924 1139 4981 comitem
1151 4925 1227 4992 Elia,
1239 4926 1291 4996 qui
1306 4940 1342 4982 eo
1357 4928 1490 4998 tempore
1505 4926 1703 4998 pradieahit.
1743 4928 1822 4984 tetist

998 4994 1109 5066 angelus
1121 5002 1226 5051 seentus
1237 5003 1292 5052 est:
1308 4996 1406 5062 idest,
1421 4997 1506 5069 pacis
1519 4996 1632 5056 tuturis
1647 4999 1819 5071 pradicatio.

998 5068 1106 5130 Dicens,
1124 5066 1237 5136 Cecidit,
1259 5067 1357 5124 eccidit
1370 5067 1490 5140 Babylon
1501 5067 1555 5125 itte
1569 5086 1697 5143 moqed.-
1713 5070 1820 5143 Babylo

997 5152 1067 5193 neni
1084 5140 1232 5196 civitatem
1240 5140 1375 5212 impiam,
1388 5140 1464 5196 sicut
1470 5140 1536 5210 jam
1545 5157 1647 5213 supra
1654 5143 1768 5201 dictum
1776 5144 1819 5203 est.

998 5208 1112 5265 diaboli
1128 5213 1392 5280 congregationem
1404 5210 1484 5277 dicit,
1496 5210 1600 5279 idest,
1613 5214 1764 5287 populum
1775 5208 1821 5283 ipsi

997 5282 1232 5338 consentientem
1246 5286 1291 5338 :et
1300 5297 1423 5339 omnem
1433 5283 1723 5367 concupiscentiam
1735 5292 1821 5342 etcer-

997 5352 1156 5424 riiptelam,
1172 5366 1264 5425 qnam
1280 5356 1309 5409 in
1323 5353 1483 5435 perniciem
1497 5370 1546 5410 sut
1560 5358 1591 5412 et
1601 5354 1735 5415 humani
1747 5366 1821 5427 gene·

996 5423 1038 5478 ris
1053 5424 1194 5495 exquirit.
1213 5425 1288 5481 tiam
1307 5428 1384 5481 sicut
1399 5423 1530 5482 Ecclesia
1545 5426 1661 5487 eisitan
1682 5428 1733 5487 nei
1747 5426 1820 5483 estet

996 5497 1094 5550 omnis
1109 5496 1299 5551 conversatio
1313 5494 1437 5552 coelestis
1449 5512 1458 5551 ι
1470 5495 1511 5554 ite
1520 5512 1540 5553 e
1554 5502 1716 5558 contrario
1729 5496 1820 5556 ciritae

995 5571 1042 5621 est
1060 5565 1170 5623 diaboli
1203 5566 1335 5640 Babylon
1351 5566 1477 5624 inomni
1501 5570 1636 5639 mundo,
1668 5572 1747 5630 sieut
1758 5565 1819 5625 dicit

1028 5716 1036 5746 ¹
1052 5714 1096 5768 Sic
1109 5717 1162 5768 ties
1174 5717 1210 5769 At
1222 5716 1296 5778 editi,
1306 5716 1628 5785 emmerammum.
