3952 6150
44 182 117 250 till

43 315 124 373 lacta
140 318 211 369 sunt
226 329 233 369 s
251 311 331 369 unde
346 311 511 369 ostenditur
521 310 652 369 Ecclesia
667 311 776 369 coelum
790 328 869 371 esse.

43 387 151 444 Elvira
165 392 276 441 estarea
289 384 442 440 testamenti
463 384 520 455 ejas
534 385 564 439 in
579 384 675 455 templo
685 386 764 455 ejas:
778 384 805 440 id
821 390 876 451 ast,

44 458 231 515 intellectum
247 462 291 512 est
306 455 465 510 Ecclesiam
482 472 548 512 esse
573 472 674 513 arcam
691 457 873 513 testamenti.

45 531 83 587 Et
98 532 174 597 iacta
187 536 250 583 sant
261 526 376 597 fateare
387 534 411 581 et
427 530 551 583 tonitrua
565 535 589 582 et
603 534 684 583 terrae
696 534 801 584 motas:
812 527 877 583 haec

45 600 149 657 omnia
161 605 230 654 sunt
247 600 368 654 virtutes
383 598 604 669 predicationis
618 606 646 656 et
661 600 877 654 coruscationis

46 677 74 728 ιι
87 671 234 727 bellorum
252 669 395 725 Ecclesiae.
413 671 444 725 Et
460 673 486 724 si
504 687 564 725 num
580 687 707 741 mapsam
722 677 759 725 est
774 671 805 724 iu
815 670 878 726 melo

45 744 142 808 emam,
159 741 259 797 mulier
272 741 371 796 amicto
381 742 474 812 sote‚et
484 687 609 796 imment
617 741 793 814 pedibasejsss
807 758 815 795 .·
829 743 877 796 Ec·

45 814 169 871 alesiam
184 812 266 875 dicit,
282 817 397 882 partem
413 829 511 875 suam,
525 811 552 867 id
566 819 618 878 est,
634 812 772 869 homines
794 812 877 868 fictos

46 892 75 941 et
84 883 698 953 malosChristianossubpedibnshabere.
709 884 745 939 Et
753 884 820 939 inco
841 884 877 938 ite

46 959 106 1024 ejus
120 953 365 1011 cormrastetlcrum
376 953 525 1009 duodecim.
537 955 767 1010 lstaednodecim
775 900 877 1019 stefioe,

47 1026 206 1084 duodecim
222 1025 354 1097 Apostoli
381 1026 503 1095 intelligi
530 1032 665 1098 possunt.
696 1025 878 1083 Soleautem

48 1098 160 1155 amicta
172 1113 257 1169 spem
273 1098 499 1153 resurrectionis
508 1096 664 1166 significat,
674 1103 795 1169 propter
805 1096 878 1152 illud

49 1173 193 1240 scriptum
210 1174 263 1224 est.
283 1168 438 1237 Tancjasti
456 1167 597 1238 [alpedani
610 1167 678 1223 ιιιιιι
695 1168 733 1223 ιιι
752 1170 783 1222 in
795 1183 879 1239 repno

48 1242 146 1297 Petris
157 1256 250 1295 soram
263 1239 374 1311 (Mettis.
398 1254 458 1302 xiii,
473 1241 529 1309 43).
544 1238 635 1293 Draco
647 1255 759 1310 napitas
771 1240 854 1310 rusus
868 1258 879 1294 .·

48 1312 187 1370 diabolus
200 1315 246 1366 est
257 1326 393 1383 quarens
401 1310 533 1365 Ecclesiae
548 1315 650 1365 natum
662 1310 815 1366 devorare.
828 1312 879 1366 llo·

51 1385 122 1448 bens,
137 1383 354 1454 inquiteormm
363 1381 447 1437 decem
461 1388 485 1435 et
500 1381 590 1506 capito
604 1389 718 1451 septem:
733 1384 880 1452 capitare·

50 1462 195 1527 gessum,
210 1469 323 1509 cornua
334 1469 404 1508 vero
423 1468 522 1523 regua.
552 1468 568 1507 n
585 1458 698 1523 septem
713 1453 880 1523 euimcapi·

52 1527 131 1583 tibns
144 1540 250 1580 οιιιιιι
261 1540 355 1592 reges,
370 1525 399 1578 in
411 1524 515 1579 decem
526 1524 667 1579 cornibus
677 1525 779 1579 omnia
788 1539 881 1593 regna

51 1597 158 1653 mnndi
173 1597 254 1651 dicit.
268 1596 304 1649 Et
317 1595 403 1650 cauda
417 1596 473 1665 ejas
497 1594 623 1650 trenetur
636 1596 750 1650 tertiam
771 1602 879 1664 partem

51 1666 267 1731 stellarumcoeli,
282 1674 306 1721 et
319 1667 392 1722 misit
404 1683 448 1720 eas
459 1666 597 1722 interram
606 1666 880 1737 ,candaprophetae

52 1740 243 1810 iniqni'snnt,
271 1738 301 1792 id
330 1742 375 1793 est
389 1737 529 1801 haeretici,
546 1738 597 1810 qrri
621 1737 720 1792 stellas
735 1737 801 1791 ιιιιι
830 1753 881 1807 per

53 1812 191 1867 iteratum
202 1809 549 1880 baptismaadharentes
565 1809 619 1863 sibi
630 1807 814 1879 dejicientia
825 1815 883 1863 ter-

53 1898 120 1939 ram
133 1880 341 1952 ;ipsisuntsub
355 1881 481 1951 pedibus
496 1879 628 1935 mulieris
641 1881 730 1943 llnlti,
744 1878 882 1934 homiues

52 1952 120 2009 illos
135 1968 200 2007 esse
214 1952 372 2017 aestimant,
388 1950 528 2023 quossibi
545 1952 762 2006 consentientes
776 1950 884 2005 diabo-

54 2021 882 2093 luslecitsodales:multi,anaelos,quicnmilloqnando

54 2095 162 2151 cecidit
174 2094 349 2167 precipitati
363 2099 443 2149 sunt.
459 2094 625 2149 Perturieus
636 2093 781 2148 cruciatur
794 2100 823 2147 at
838 2109 884 2163 pe·

54 2168 112 2222 riet
134 2184 142 2221 .·
167 2181 219 2237 per
234 2181 324 2220 orune
341 2170 458 2237 tempus
474 2165 606 2229 rrrrotidie
632 2164 696 2235 pari
713 2165 838 2219 Ecclesia
854 2164 883 2218 in

55 2237 208 2311 prosperis
227 2243 255 2293 et
270 2236 300 2291 in
316 2237 462 2291 adversis.
477 2237 507 2291 Et
532 2236 614 2290 draco
627 2236 690 2291 steti
705 2242 769 2291 aute
783 2235 884 2290 matie-

56 2326 112 2365 rem
124 2326 183 2380 qaae
198 2315 257 2363 erat
275 2309 417 2378 paritura,
433 2314 465 2363 at
477 2324 536 2363 cane
556 2307 700 2377 peperisset
712 2308 804 2377 fitium
826 2307 884 2377 ejus

55 2382 212 2436 devoraret:
223 2395 342 2450 semper
358 2380 438 2434 enim
454 2379 483 2433 in
503 2378 685 2434 cruciatibus
698 2379 775 2448 parit
789 2379 886 2433 Eccle-

56 2453 113 2515 sia,
126 2451 272 2506 Christum
287 2466 340 2522 per
354 2450 500 2515 membra,
516 2450 768 2520 semperetdraco
778 2449 887 2522 qriaerit

56 2524 202 2578 devorare
215 2525 399 2577 nascentem.
416 2522 453 2575 Et
464 2521 559 2591 cerruit
570 2520 672 2575 mulier
681 2521 772 2591 fitium
785 2536 886 2575 mosea-

57 2594 176 2649 lumrid
190 2598 243 2659 est,
259 2592 418 2648 Christum.
442 2591 551 2646 Deinde
579 2607 689 2662 corpus
704 2593 781 2660 ejus,
797 2592 825 2646 id
843 2595 887 2645 cst

55 2661 885 2736 Ecclesia‚sempergeneratChristimembrallascnlnm

57 2743 157 2794 antean
174 2735 405 2800 dixit,victorem
414 2734 557 2790 adversus
568 2733 733 2791 diabolum.
744 2735 776 2789 Es
788 2733 887 2788 rnalier

57 2807 167 2881 sapitis
177 2822 311 2863 eremum:
321 2806 467 2861 mundum
481 2806 570 2860 istum
582 2821 642 2860 non
653 2806 816 2874 incongrue
827 2819 888 2859 ere-

59 2896 142 2935 mum
157 2878 335 2949 accipimus,
352 2877 402 2933 nbi
418 2877 554 2948 usquein
570 2876 662 2932 linem
686 2875 817 2932 Christus
840 2875 889 2929 Ec·

58 2949 180 3007 alesiam
207 2948 356 3018 gubernat
370 2953 397 3003 et
411 2949 518 3018 pascit,
541 2948 571 3003 iu
586 2962 648 3019 quo
675 2946 742 3018 ipsa
758 2945 888 3003 Ecclesia

58 3020 206 3094 superbos
221 3026 248 3076 et
273 3020 383 3091 impios
399 3020 536 3075 homines
553 3025 698 3090 tanquam
716 3018 889 3089 scorpiones

59 3100 89 3150 et
102 3095 230 3165 viperas,
246 3094 275 3145 et
289 3106 409 3147 omnem
426 3091 564 3146 virtutem
580 3094 692 3145 satana
709 3104 760 3159 per
784 3086 889 3144 Christi

59 3164 243 3235 adjutorium
259 3160 363 3227 calcat,
380 3166 409 3217 el
429 3160 563 3217 conterit.
581 3162 611 3215 Et
623 3160 725 3230 iactam
738 3168 776 3215 est
791 3158 890 3214 bellam

59 3236 166 3291 ineoeto
179 3234 229 3291 :id
246 3238 302 3298 est,
327 3234 356 3288 in
384 3233 521 3288 Ecclesia.
536 3231 654 3288 ntcmet
678 3237 702 3286 et
719 3231 820 3303 Acoeti
833 3230 891 3300 ejas

79 3305 214 3378 manabant
228 3321 288 3361 cum
302 3305 416 3359 dracoue
427 3322 436 3359 :
449 3302 632 3367 llicbaelern,
649 3302 796 3358 Christum
808 3300 891 3356 intel·

56 3324 138 3447 fiam
155 3384 184 3432 et
207 3375 335 3445 Angelos
355 3375 431 3446 ejus,
448 3382 568 3430 sanctos
592 3376 738 3429 homines.
754 3375 788 3429 Et
811 3373 891 3427 draeo

58 3448 193 3521 papnemt
203 3455 229 3502 et
241 3447 332 3518 enneli
343 3447 420 3517 ejas:
437 3446 467 3502 id
483 3452 537 3511 est,
552 3445 692 3501 diabolus
710 3451 738 3501 et
752 3445 891 3501 homines

61 3520 206 3576 voluntati
221 3518 286 3589 ejus
302 3519 555 3589 obtemperantes.
571 3520 642 3572 Narn
655 3516 732 3572 absit
747 3522 777 3573 ut
791 3516 892 3571 creda·

62 3590 294 3647 musdiaholum
305 3605 374 3644 cum
388 3590 501 3657 angelis
513 3590 573 3643 suis
582 3589 611 3643 iu
621 3588 693 3643 carlo
707 3604 814 3643 ausum
827 3601 891 3642 esse

62 3678 208 3735 pugnare,
223 3661 274 3733 qui
288 3662 408 3717 interra
425 3676 516 3716 unuin
533 3659 589 3715 tob
601 3675 692 3714 ausus
707 3675 766 3713 non
779 3664 821 3713 est
832 3664 893 3712 ten·

62 3742 135 3797 tare,
152 3734 207 3788 nisi
221 3749 290 3788 eum
306 3747 324 3787 a
339 3730 465 3787 Domino
480 3730 643 3803 postularet
664 3736 695 3784 ut
709 3729 839 3785 laederet.
856 3728 893 3783 Et

60 3822 115 3861 non
128 3804 281 3869 coluerant,
296 3819 377 3874 usqae
393 3804 466 3858 toras
476 3819 568 3858 eoram
584 3803 705 3857 inventas
719 3808 758 3856 est
772 3800 893 3870 amplias

61 3878 93 3933 in
108 3877 189 3932 calo:
204 3875 296 3940 idest,
309 3874 339 3929 in
351 3874 524 3931 hominibus
535 3874 657 3938 sanctis,
668 3872 894 3945 qiricredentes,

63 3948 156 4005 semel
164 3945 323 4017 expulsum
335 3944 621 4016 diabolumejusque
631 3943 894 4012 satellitesampins

63 4035 125 4076 non
138 4018 284 4088 recipiunt
294 4035 302 4087 ;
319 4017 396 4072 sicut
411 4017 569 4072 Zuclmrias
585 4015 669 4082 dixit,
686 4021 717 4069 ut
733 4014 826 4068 semel
842 4028 896 4069 ex·

65 4090 225 4146 terminata
248 4088 328 4144 idola
350 4087 478 4156 amplius
497 4103 557 4142 non
576 4086 720 4157 recipiant
733 4086 844 4140 locum.
863 4086 894 4139 Et

64 4159 193 4234 sapitisne
202 4166 240 4215 est
252 4160 333 4214 draeo
347 4174 468 4229 maenas,
480 4159 577 4228 ononis
587 4158 715 4228 antiquas
729 4157 778 4238 qai
790 4156 896 4211 dicitur

65 4231 189 4290 diabotus
199 4239 223 4286 et
234 4237 353 4295 satanas,
367 4237 391 4285 et
408 4230 497 4302 asepeli
507 4233 566 4300 ejas
579 4246 638 4284 cam
649 4246 677 4283 eo
691 4245 700 4282 :
714 4227 853 4283 diabolus
867 4231 896 4281 et

65 4305 186 4377 spiritns
200 4302 347 4358 immundi
357 4317 462 4357 omnes
473 4317 542 4356 curu
552 4317 606 4357 sno
619 4300 753 4371 principe
763 4300 799 4353 de
811 4313 896 4352 sanc·

65 4382 165 4434 torum
181 4374 322 4430 cordibus
338 4373 452 4443 expulsi
469 4372 583 4426 suntin
611 4376 728 4439 terram,
749 4369 779 4424 id
794 4375 848 4432 est,
866 4369 896 4423 in

64 4446 205 4503 homiues
220 4445 271 4517 qui
287 4448 403 4499 terrena
416 4445 546 4514 sapiunt,
563 4448 590 4497 et
605 4447 695 4497 totam
711 4457 796 4512 spem
810 4455 895 4494 stram

65 4519 96 4574 in
113 4525 189 4572 terra
204 4516 396 4571 constituunt.
411 4512 550 4570 Eteadivi
563 4530 648 4568 eorem
661 4511 898 4583 mapncmdecmlo

66 4589 207 4651 dicentem,
223 4585 301 4643 Modo
315 4586 389 4658 sacto
403 4592 440 4641 ιιι
453 4585 525 4640 salas
543 4592 567 4640 et
580 4584 667 4639 virtus
681 4590 706 4639 et
722 4600 835 4654 repetam
846 4580 898 4637 Dei

66 4659 178 4717 nostri:
195 4658 224 4713 id
239 4662 293 4719 est,
311 4658 455 4713 Ecclesia.
480 4656 613 4714 Ostendit
627 4657 654 4711 in
669 4671 730 4727 qno
755 4655 829 4710 coelo
843 4655 898 4708 ista

67 4732 152 4787 liant.
169 4729 255 4800 Apud
273 4731 365 4783 [lenm
379 4730 458 4783 enim
475 4743 594 4799 semper
609 4727 661 4782 ιιιι
676 4734 703 4782 et
713 4728 806 4781 virtus
816 4730 843 4780 et
856 4739 899 4780 re·

68 4817 159 4875 guum
173 4806 201 4856 et
218 4804 347 4872 potestas
362 4799 423 4855 Filii
439 4798 519 4869 ejus:
531 4798 582 4854 sed
595 4799 623 4853 in
634 4795 900 4866 Ecclesiadixitper

67 4872 225 4929 victoriam
240 4871 350 4926 lactans
377 4871 482 4926 Christi
498 4869 635 4934 salutem,
652 4885 744 4939 quam
765 4867 900 4922 videntes

73 4945 114 5002 illi
129 4944 166 4999 de
181 4943 293 5014 quibus
306 4941 538 5004 Dominnsdixit,
548 4939 627 4996 liniti
632 4941 705 5011 justi
719 4945 745 4995 et
758 4938 900 5008 Propmtae

76 5013 380 5086 capieruntoidereqaae
389 5012 597 5082 ridetistllettle.
609 5027 669 5075 ιιι,
683 5016 726 5079 tr)
735 5027 742 5075 ;
752 5010 900 5073 dixerunt,

78 5086 156 5146 Dodo
170 5086 243 5156 [actu
257 5091 295 5141 est
307 5085 380 5140 solas
398 5084 510 5139 Domini
521 5084 617 5139 nostri.
635 5084 766 5148 Quoniam
779 5081 902 5137 ecclesus

77 5167 115 5215 est
142 5163 285 5213 accusator
299 5156 422 5228 fratrum
435 5162 602 5220 nostrornm,
618 5160 672 5210 ιιι.
701 5155 729 5209 Si
745 5161 856 5220 antem,
871 5155 902 5207 nl

73 5230 199 5313 qnidam
212 5233 329 5300 putant,
342 5228 524 5298 Angelorum
541 5242 597 5281 vox
612 5226 699 5281 estin
721 5224 795 5280 coelo
812 5238 901 5294 snpe-

70 5316 160 5358 rrore.
174 5305 203 5355 et
217 5315 277 5355 nou
293 5304 465 5354 sanctornm
482 5299 512 5353 in
527 5297 669 5362 Ecclesia,
682 5311 743 5351 non
757 5297 901 5359 dicerent,

71 5376 212 5428 accusator
225 5372 348 5441 fratrum
362 5378 525 5432 nostrornm,
538 5369 600 5439 sed,
614 5373 768 5424 accusator
784 5373 901 5431 nostcr;

72 5460 138 5512 nec,
153 5448 271 5509 mensas,
283 5444 345 5508 sed,
360 5441 532 5498 accusabat.
543 5440 628 5507 Quod
640 5438 765 5509 sijustos
780 5438 809 5493 iu
825 5442 903 5492 terra

73 5517 187 5587 positos
198 5514 426 5586 appellaverunt
439 5511 542 5581 angeli
556 5512 662 5567 tratres
674 5525 755 5576 snos,
768 5525 827 5563 non
840 5512 903 5562 erat

73 5586 219 5659 gandium
236 5586 365 5641 missum
380 5600 445 5640 esse
457 5582 612 5639 diabolum
627 5583 658 5637 in
678 5586 797 5645 terrani,
811 5593 902 5658 quern

75 5656 277 5714 molestiorem
287 5656 407 5728 possint
418 5654 543 5726 experiri
558 5653 652 5708 sancti
665 5666 765 5707 seorim
777 5651 807 5706 in
819 5654 903 5706 terne

74 5728 218 5801 positum,
231 5743 326 5801 quam
341 5727 376 5794 si,
391 5732 423 5782 ιιι
437 5726 554 5792 dicitur,
568 5722 668 5781 adhuc
680 5727 759 5779 esset
772 5722 802 5777 in
814 5719 901 5778 coelo.

218 5824 341 5884 Parnon.
365 5822 475 5880 XXXV.

814 176 1001 245 urrunnu.

1688 186 1760 257 itti

931 313 977 370 Sic
990 312 1170 394 enimterrm
1186 294 1368 373 maledicunt
1380 296 1526 383 dicentes.
1547 320 1595 378 Va
1607 322 1668 394 titi,
1683 280 1761 383 terre

929 392 954 441 et
967 386 1060 440 more!
1075 385 1105 440 nl
1121 391 1174 448 est,
1191 386 1430 457 qnicoelnmnon
1441 390 1524 448 estis.
1544 392 1615 457 Quia
1626 395 1760 455 deseendit

929 455 965 511 ad
979 455 1271 519 cantuaniensem
1284 460 1356 514 irum
1371 476 1504 533 moenam,
1518 466 1673 537 sciensquio
1682 468 1759 525 brem

916 535 1033 598 tempus
1046 528 1133 583 iubet.
1148 528 1299 593 Descendit,
1311 532 1418 602 inquit,
1435 538 1465 588 nt
1476 534 1649 604 allegoriam
1663 555 1758 597 serva·

931 605 984 654 ret.
999 601 1143 655 Caeterum
1156 615 1262 656 omnes
1275 602 1305 656 in
1321 602 1397 658 coelo
1409 610 1488 674 snut,
1505 605 1535 660 id
1552 608 1643 663 estin
1661 611 1758 667 Eccle-

931 669 984 735 sia,
996 686 1065 742 quse
1073 671 1152 742 juste
1162 671 1271 727 coelnm
1281 672 1402 731 dicitnr:
1417 675 1497 730 unde
1507 676 1642 749 dejectus
1651 695 1761 738 asane-

931 741 1400 809 tisdiabolnsdesceuditinsnos,
1432 746 1760 817 uiproamoreterreno

931 816 1096 894 terrasunt.
1110 814 1198 885 Dejici
1208 818 1308 870 antem
1320 815 1358 871 de
1367 761 1442 871 coeXo
1453 832 1514 873 non
1530 819 1571 874 sie
1581 818 1665 885 dixit,
1677 824 1761 895 quod

932 900 962 939 ru
978 884 1420 958 bominibuslieretJ'amcoelanr
1435 888 1528 954 lactis,
1538 890 1591 946 sed
1601 892 1759 963 quodstnt,

931 970 993 1011 non
1008 956 1231 1027 quodllerent¹.
1245 959 1308 1014 Non
1319 960 1399 1013 enim
1411 963 1640 1030 possuntsanctl
1654 963 1759 1020 emtum

931 1026 1006 1092 fieri,
1018 1026 1073 1081 nisi
1087 1027 1209 1083 diabolo
1221 1028 1351 1084 excluso.
1361 1032 1424 1085 Non
1435 1045 1507 1100 ergo
1516 1033 1615 1113 primo
1628 1036 1760 1102 nomine,

932 1098 984 1153 sed
999 1100 1133 1154 secundo
1148 1100 1308 1170 appellavit
1321 1115 1373 1156 eos
1389 1101 1509 1168 coeluru,
1520 1119 1550 1158 ιι
1561 1105 1672 1177 quibus
1683 1105 1762 1162 ultra

931 1169 1043 1225 diaboli
1055 1168 1138 1224 locus
1151 1169 1290 1226 inventus
1302 1186 1362 1227 non
1375 1177 1428 1228 est.
1442 1173 1481 1227 De
1492 1189 1553 1245 quo
1564 1175 1695 1247 periculo
1706 1192 1763 1233 nos

934 1241 1077 1295 Dominus
1103 1240 1159 1296 suh
1175 1258 1231 1298 sira
1246 1245 1429 1314 protectione
1457 1244 1587 1302 liberare
1610 1247 1760 1318 dignetur,

932 1313 984 1384 qni
1000 1311 1077 1376 vivit,
1098 1316 1154 1366 eto.

1265 1399 1380 1439 nonina
1399 1400 1428 1439 x.

967 1450 1024 1524 [lb.
1042 1469 1077 1507 ιι
1093 1458 1121 1508 ιι
1136 1451 1210 1525 ιιι]
1225 1454 1321 1521 Eodo,
1334 1454 1438 1511 iratres
1448 1456 1628 1522 charissimi,
1646 1460 1763 1516 autllvi·

933 1540 1001 1580 mus
1016 1524 1087 1594 qnia
1103 1539 1171 1579 cum
1186 1524 1309 1581 vidisset
1322 1526 1412 1581 draco
1427 1526 1508 1598 qnod
1524 1527 1561 1583 de
1584 1533 1695 1586 sanctis
1709 1547 1762 1586 ex-

933 1595 1036 1650 clusus
1051 1601 1129 1650 esset
1138 1597 1167 1650 in
1182 1600 1300 1662 terram,
1311 1597 1341 1652 id
1352 1602 1397 1652 est
1405 1597 1442 1653 de
1450 1596 1525 1653 coelo
1537 1600 1567 1654 in
1578 1606 1761 1670 peccatores,

934 1672 1106 1737 persecutns
1122 1671 1166 1721 est
1178 1665 1332 1723 mullerem
1349 1684 1417 1740 quae
1445 1671 1559 1740 peperit
1575 1672 1758 1728 masculum.

936 1740 1052 1803 Quanto
1066 1737 1147 1792 enim
1166 1737 1305 1793 diabolus
1320 1738 1357 1792 de
1373 1740 1485 1794 sanetis
1508 1740 1656 1810 dejicitur,
1682 1747 1762 1799 tanto

935 1809 1032 1875 inagis
1045 1824 1097 1862 eos
1112 1809 1309 1880 persequitur.
1328 1810 1361 1864 Et
1376 1809 1447 1865 datae
1458 1818 1520 1865 sant
1536 1812 1660 1877 mulieri,
1672 1813 1703 1869 id
1719 1820 1764 1868 est

937 1879 1145 1947 Ecclesioe‚daae
1152 1879 1204 1935 else
1213 1880 1469 1952 aquilaemapaaemt
1480 1882 1581 1937 rotaret
1588 1884 1617 1937 iu
1628 1884 1763 1939 desertam

936 1950 1763 2024 loosrmsaammbietiturpertempasettemporoetdimidiam

936 2023 1091 2092 temporisa
1103 2023 1330 2092 formamentis:
1340 2031 1469 2095 tempus,
1481 2032 1510 2079 ιι
1520 2041 1618 2081 ιιιιι
1629 2026 1763 2096 intelligi·

937 2096 984 2148 tur
994 2100 1022 2148 et
1037 2098 1156 2149 centum
1168 2095 1248 2149 anni.
1264 2094 1397 2150 Dumalae
1408 2110 1538 2166 magnas,
1550 2096 1611 2152 duo
1623 2100 1763 2153 suntTes·

939 2169 1070 2220 laureata
1083 2165 1223 2220 Ecclesiae
1234 2181 1302 2236 quus
1312 2166 1436 2236 accepit.
1445 2174 1682 2239 quoserpentem
1694 2184 1763 2224 eva·

937 2236 1053 2290 deretin
1066 2251 1211 2291 eremum.
1226 2237 1259 2290 ln
1271 2236 1443 2293 iocamsuam
1454 2237 1539 2303 dixit,
1553 2239 1648 2309 idest,
1663 2241 1692 2295 in
1706 2241 1763 2296 hoc

939 2305 1062 2372 mundo,
1076 2307 1126 2361 nbi
1136 2314 1289 2378 serpentes
1300 2314 1328 2363 et
1339 2310 1512 2379 scorpiones
1525 2309 1660 2366 habitant
1673 2324 1679 2363 :
1691 2311 1764 2384 quia

938 2378 978 2433 illi
1003 2378 1115 2433 dictum
1141 2384 1195 2442 cst,
1212 2379 1287 2434 siout
1304 2379 1447 2435 Dominus
1461 2380 1541 2450 dicit,
1555 2382 1672 2453 Ecceepo
1685 2382 1764 2437 mitto

938 2450 1057 2504 messiam
1070 2466 1128 2504 oues
1139 2450 1168 2504 in
1180 2450 1266 2505 medio
1279 2450 1525 2521 luporamfflottlr.
1539 2469 1566 2517 ι,
1579 2454 1642 2524 16);
1658 2462 1686 2509 ιι
1699 2455 1764 2508 Eze-

940 2521 1015 2576 chiel
1031 2520 1113 2586 dicit,
1129 2521 1189 2575 rite·
1209 2522 1335 2585 barinis,
1351 2525 1425 2576 iuter
1439 2524 1589 2594 scorpiones
1613 2524 1764 2580 totalitas

940 2591 1047 2661 (Erech.
1069 2608 1099 2657 n,
1116 2593 1153 2662 ι).
1178 2594 1210 2647 Et
1224 2594 1299 2647 misit
1310 2609 1354 2648 ser
1388 2609 1418 2646 us
1430 2610 1462 2648 ea
1475 2611 1521 2649 ore
1532 2611 1579 2650 suo
1593 2603 1653 2666 post
1666 2596 1765 2651 malie-

939 2680 995 2717 rem
1009 2678 1106 2732 oqaam
1121 2663 1192 2718 uelut
1207 2665 1316 2732 domest.
1333 2664 1340 2718 i
1375 2671 1429 2728 est,
1440 2665 1611 2723 violentiam
1628 2683 1765 2739 persecu·

941 2741 1048 2791 torinn.
1063 2734 1098 2787 Et
1108 2732 1218 2804 adjacit
1229 2741 1306 2789 terre
1315 2734 1464 2798 mulierem,
1478 2741 1504 2791 et
1518 2738 1627 2807 apernit
1637 2753 1762 2804 ossuum,

940 2813 964 2860 et
978 2804 1114 2860 elambuit
1122 2807 1221 2875 damen
1229 2806 1298 2876 qaod
1310 2807 1384 2861 misit
1395 2805 1570 2863 dracodeore
1581 2812 1764 2866 creterram

941 2882 1077 2931 sanctam
1093 2876 1173 2941 dicit,
1190 2876 1219 2931 id
1236 2885 1280 2932 est
1294 2883 1423 2932 sanctos.
1439 2878 1558 2942 Quoties
1570 2881 1649 2935 enim
1667 2896 1767 2952 perse·

942 2949 1076 3002 cationes
1092 2946 1226 3002 Ecclesia
1241 2947 1421 3016 irrogantur,
1436 2954 1547 3005 sanctas
1562 2955 1646 3007 terrae
1670 2951 1767 3023 preci·

942 3018 1009 3083 bus,
1024 3015 1051 3071 id
1074 3022 1118 3071 est
1141 3016 1279 3073 omnium
1303 3023 1474 3074 sauctorum
1501 3021 1689 3078 orationibus
1715 3025 1768 3079 eut

944 3092 1131 3152 amoventur,
1141 3093 1192 3144 aut
1202 3094 1415 3159 temperantur.
1428 3091 1501 3144 Nam
1510 3095 1538 3145 et
1549 3092 1692 3148 Dominus
1700 3109 1769 3150 nos·

944 3165 987 3215 ter
1001 3162 1087 3215 lesus
1099 3160 1233 3215 Christus
1245 3161 1297 3232 qni
1310 3158 1476 3232 interpellat
1490 3175 1544 3232 pro
1558 3163 1658 3230 nohis,
1669 3169 1698 3218 et
1710 3165 1767 3220 has

945 3230 1164 3302 persecutiones
1178 3236 1318 3298 removet,
1331 3232 1474 3301 cumipse
1486 3239 1563 3288 tcrre
1577 3234 1685 3289 sedata
1698 3233 1768 3290 dex-

945 3303 996 3358 tris
1011 3302 1135 3358 virtutis.
1152 3303 1223 3357 ltem
1252 3302 1345 3367 aliter,
1362 3302 1517 3357 mulierem
1534 3302 1650 3360 volasse
1676 3305 1706 3360 in
1721 3305 1772 3361 de·

945 3380 1068 3436 sertum,
1088 3373 1185 3444 ipsam
1202 3373 1360 3430 Ecclesiam
1376 3373 1554 3431 catholicam
1579 3375 1723 3446 intelligit,
1741 3378 1772 3431 in

945 3462 1005 3518 qna
1021 3444 1185 3511 novissimo
1198 3449 1332 3514 tempore
1347 3444 1404 3500 sub
1420 3444 1482 3500 Elia
1495 3446 1644 3503 creditura
1658 3452 1704 3503 ιιι
1718 3449 1770 3520 Sy·

947 3531 1075 3585 nagoga.
1089 3516 1158 3571 Ales
1174 3515 1250 3570 diras
1260 3515 1367 3587 aquilae
1380 3531 1508 3584 anagnia,
1520 3517 1597 3572 dnos
1611 3519 1674 3574 vult
1686 3519 1773 3574 intel-

946 3587 1771 3659 ligiprophetas,scilicetEliam,etquicnmeoventurus

946 3666 999 3714 est.
1016 3664 1100 3729 Aqua
1115 3659 1226 3712 emissa
1249 3658 1286 3713 de
1299 3675 1350 3714 ore
1363 3659 1513 3724 draconis,
1529 3662 1690 3716 exercitum
1706 3677 1772 3733 per·

947 3728 1135 3800 sequentinm
1161 3744 1227 3784 earn
1257 3729 1427 3799 significat:
1447 3728 1593 3802 absorpta
1619 3748 1709 3804 aqua,
1733 3733 1772 3789 de

947 3800 1189 3872 persecutoribus
1203 3800 1492 3856 iactamrindictam.
1506 3802 1542 3857 Et
1550 3805 1682 3858 iratusest
1691 3803 1774 3860 draco

948 3873 977 3926 in
992 3871 1142 3934 mulierem,
1159 3877 1183 3925 et
1199 3871 1268 3927 abiit
1294 3871 1393 3926 betleem
1414 3872 1504 3942 [arere
1526 3889 1586 3928 cum
1608 3874 1724 3946 reliquis
1742 3876 1774 3931 de

947 3944 1047 3998 semiue
1059 3944 1116 4012 ejas
1130 3962 1139 3999 :
1155 3942 1184 3996 id
1200 3949 1254 4007 est,
1271 3959 1338 3997 eum
1353 3942 1475 3999 vidisset
1490 3960 1550 4000 non
1572 3961 1661 4017 posse
1675 3948 1773 4002 conti-

949 4014 1035 4069 nuari
1051 4013 1281 4083 persecutiones,
1294 4030 1371 4086 quas
1386 4029 1439 4085 per
1450 4018 1583 4085 Paganos
1593 4017 1709 4074 solebat
1720 4018 1774 4074 im·

950 4085 1775 4155 mittere,eoquodoresanctaterree,idestorationibns

951 4156 1062 4211 sanctis
1077 4162 1311 4221 removerentur,
1325 4158 1453 4213 hareses
1466 4158 1634 4212 concitavit.
1648 4160 1686 4213 Et
1700 4159 1775 4212 stetit

950 4243 1030 4298 saper
1039 4243 1153 4282 arenam
1166 4228 1309 4283 rnarissid
1321 4236 1373 4290 est,
1386 4242 1475 4297 super
1486 4228 1706 4283 multitudinem
1715 4228 1774 4284 hm·

950 4299 1120 4354 retleornm.
1138 4299 1174 4353 Et
1191 4298 1248 4352 uidi
1261 4299 1439 4352 escendentem
1455 4295 1565 4353 bestiam
1585 4298 1616 4352 de
1630 4299 1701 4354 mori
1719 4317 1729 4354 .·
1744 4299 1776 4354 id
1841 4320 1845 4327 ·

951 4376 1005 4435 est,
1019 4370 1055 4424 de
1066 4370 1175 4440 populo
1191 4369 1279 4423 malo.
1289 4368 1483 4423 ascendentem
1493 4369 1575 4433 dixit,
1590 4369 1647 4425 hoo
1657 4375 1701 4426 est
1711 4385 1777 4425 nas·

951 4440 1229 4496 centemsicntllos
1239 4439 1269 4493 in
1282 4439 1394 4494 bouarn
1410 4446 1526 4509 partem
1537 4440 1573 4493 ιιι
1583 4440 1682 4495 radice
1692 4441 1776 4495 lesse

952 4511 1096 4567 ascendit.
1115 4512 1243 4564 Bestiam
1264 4511 1475 4565 ascendentem
1501 4510 1537 4564 de
1553 4511 1639 4577 mari,
1666 4512 1776 4582 impios

953 4583 1033 4644 dicit.
1050 4581 1100 4651 ιιι
1117 4587 1187 4635 sunt
1200 4596 1308 4653 corpus
1324 4581 1446 4635 diaboli.
1463 4581 1500 4637 Et
1516 4580 1599 4636 bestia
1614 4582 1774 4653 qaomeidi,

952 4652 1120 4709 similiserot
1143 4651 1237 4734 pardo,
1253 4657 1278 4706 et
1298 4652 1375 4722 pedes
1388 4653 1445 4722 ejas
1458 4653 1528 4707 sicut
1540 4654 1611 4718 arsi,
1631 4660 1656 4708 et
1679 4670 1708 4708 os
1721 4654 1778 4726 ejus

952 4725 1021 4780 sient
1038 4740 1065 4778 os
1080 4722 1184 4778 leonis:
1200 4724 1294 4791 pindo
1310 4729 1429 4793 propter
1446 4725 1619 4779 varietatem
1642 4725 1776 4794 gentium

955 4793 1109 4861 similavit,
1121 4810 1190 4849 urso
1200 4799 1320 4865 propter
1332 4794 1477 4850 malitiam
1488 4800 1517 4850 et
1526 4794 1689 4862 vesaniam,
1699 4796 1778 4852 leoni

956 4873 1077 4938 propter
1092 4866 1227 4921 virtutem
1243 4865 1376 4936 corporis
1389 4870 1417 4920 ιι
1430 4865 1539 4935 linguae
1549 4867 1733 4939 superbiam.
1748 4870 1780 4925 El

955 4938 1027 5010 quia
1038 4937 1222 5008 temporibus
1232 4936 1399 4991 antichristi
1412 4953 1480 4992 cum
1489 4938 1628 4994 varietate
1644 4939 1778 5008 gentium

957 5009 1310 5080 etpopnlornmregnnm
1322 5008 1780 5080 illiuseritcommixtum,pcdes

957 5086 1099 5151 tanqrram
1117 5081 1186 5144 ursi,
1203 5078 1526 5149 ‹lircesejus30se1ns
1539 5080 1635 5152 jussio
1649 5082 1724 5152 eius.
1740 5080 1781 5136 Et
1827 5134 1831 5139 .

956 5151 1030 5206 dedit
1045 5152 1069 5205 ei
1083 5151 1166 5205 droco
1185 5150 1314 5206 virtutem
1328 5166 1404 5205 snam
1420 5167 1428 5205 :
1445 5150 1520 5205 sicut
1534 5152 1671 5206 videmus
1688 5152 1780 5207 modo

957 5222 1111 5277 luereticos
1125 5237 1190 5276 esse
1206 5223 1234 5277 in
1250 5221 1307 5275 hoc
1322 5221 1584 5293 saectrlopotentes
1600 5223 1652 5304 qui
1666 5222 1781 5278 habent

959 5294 1094 5348 virtutem
1107 5291 1226 5347 diaboli.
1244 5293 1324 5348 Sient
1338 5294 1494 5363 quondam
1509 5293 1630 5361 Paganr,
1646 5294 1686 5347 ita
1700 5306 1781 5347 nuno

959 5364 999 5419 illi
1015 5369 1131 5419 vastant
1146 5362 1315 5418 Ecclesiam.
1328 5364 1365 5418 Et
1377 5365 1434 5419 eidi
1446 5380 1528 5420 artam
1541 5380 1574 5418 ea
1584 5363 1782 5434 capitibasejas

957 5436 1035 5506 qnasi
1052 5435 1165 5489 occisura
1180 5436 1210 5489 in
1220 5438 1332 5490 mertem
1345 5452 1354 5499 ;
1366 5439 1392 5489 et
1413 5435 1496 5507 playa
1510 5436 1606 5490 mortis
1616 5436 1673 5506 eius
1685 5440 1783 5490 curato

958 5512 1016 5562 est:
1032 5505 1111 5632 de
1128 5506 1197 5562 dicit
1222 5507 1309 5578 qrrasi
1324 5506 1469 5570 occisum,
1483 5505 1610 5562 haeretici
1635 5512 1713 5572 sunt,
1729 5505 1782 5578 qui

959 5578 1035 5634 simu
1049 5582 1100 5634 ant
1112 5593 1143 5634 se
1153 5577 1285 5633 confiteri
1297 5577 1462 5634 Christum:
1474 5583 1503 5634 et
1512 5579 1586 5634 dum
1599 5593 1660 5635 non
1669 5577 1712 5634 ιιι
1722 5591 1783 5635 cre·

990 5728 998 5761 ¹
1013 5726 1062 5777 ils.
1077 5725 1219 5795 Patrensis,
1235 5726 1348 5791 sedsint,
1363 5740 1417 5776 non
1434 5726 1500 5790 qaod
1511 5726 1617 5789 faeiat.

1324 5813 1668 5892 &sulcante-diuseptu
