3952 6150
125 173 196 233 2303

240 312 274 354 ns
288 310 437 354 ricriurui
451 311 621 355 uouiuocrii
633 312 788 356 caviriauii
804 299 825 355 ¹.

159 369 192 427 Cl
204 367 255 441 (a).
271 399 306 410 -
321 371 394 424 llum
405 368 497 440 jussis
512 370 662 426 charitatis
678 384 781 442 parere
797 371 947 440 volumus,

123 440 155 496 in
175 442 427 521 vituperationem
446 438 519 497 forts
535 440 690 512 cademus,
706 443 756 515 qui
776 441 814 497 de
833 459 865 499 re
880 461 949 517 que

122 511 198 568 nulli
212 512 378 593 anquando
392 512 420 566 in
437 511 563 567 dubium
579 513 669 578 venit,
681 512 843 569 scribimus
858 530 864 581 ;
877 517 949 586 quia

122 599 191 639 cum
212 583 374 638 amicitiam
390 581 541 638 offendere
556 584 707 650 nolumus,
724 585 856 641 studium
867 589 949 658 quod

121 655 161 711 ad
182 655 315 727 aliquam
336 669 399 710 rem
417 655 565 711 occultam
591 655 783 712 revelandam
804 658 948 729 prolicere

120 725 235 791 debuit,
250 725 425 782 intricamus
437 728 721 799 :quamvispropter
738 730 862 783 nimiam
877 729 950 784 stul·

121 798 216 854 titiam
235 797 393 868 cujusdam
411 796 466 853 hoc
479 800 685 863 asseverantis,
699 800 781 871 quod
793 800 822 854 in
835 799 949 871 subjec-

122 872 159 925 tis
172 869 354 942 paudemus‚
369 867 446 923 istud
462 870 550 924 nobis
571 870 732 995 ippunxertt
747 870 877 926 charitas
889 888 950 927 me-

121 948 250 1006 morata,
267 956 304 995 nc
320 956 389 994 cum
402 954 492 995 nemo
504 940 589 995 diua
623 940 681 997 boc
700 942 903 1013 responderet.
917 943 948 999 in

121 1012 209 1084 pejus
223 1010 390 1083 proficeret,
406 1015 434 1066 ει
449 1010 501 1065 diu
515 1011 544 1066 in
562 1027 640 1066 vano
656 1012 834 1068 exercitatus
848 1029 951 1070 emen-

121 1083 187 1139 dari
206 1098 266 1138 non
284 1082 389 1154 possit.
408 1081 468 1136 lloc
481 1083 561 1137 enim
579 1082 731 1138 charitatis
745 1084 877 1140 studium
893 1090 947 1152 est,

119 1170 189 1227 que
206 1169 265 1210 non
302 1154 387 1208 uerit
404 1168 472 1224 que
488 1169 543 1208 sua
557 1161 636 1209 sunt.
648 1154 777 1219 Quidam
792 1156 882 1226 igitur
897 1158 950 1229 qui

119 1241 232 1282 nomen
248 1225 288 1281 ba
311 1231 338 1279 et
359 1223 476 1280 Falcidii
493 1229 514 1289 ¹,
534 1224 611 1280 duce
627 1226 759 1291 stultitia,
775 1232 803 1282 ει
821 1227 949 1284 civitatis

119 1298 263 1353 Romane
275 1296 431 1367 jactantia,
448 1295 550 1351 levitas
564 1295 783 1362 sacerdotibus,
798 1302 826 1352 et
849 1298 949 1354 diacu-

119 1383 178 1424 aos
197 1367 381 1439 presbyteris
400 1382 557 1439 coaequare
577 1368 729 1424 contendit
746 1384 753 1424 :
768 1384 828 1424 non
848 1369 948 1426 dicam

120 1438 271 1511 preferre,
283 1439 356 1510 quia
365 1437 481 1493 stultius
494 1444 548 1503 est,
557 1445 585 1493 et
595 1439 668 1495 lorte
679 1439 852 1495 incredibile
868 1442 948 1497 vide·

120 1516 188 1567 stur
203 1513 224 1576 ⁸,
240 1518 269 1565 et
284 1525 339 1566 nos
352 1525 412 1565 non
424 1510 643 1580 emendatores,
655 1512 708 1566 sed
720 1511 948 1568 calumniatores

118 1581 296 1638 habeamur.
319 1582 384 1646 Qua
407 1580 497 1649 igilur
516 1581 580 1652 lege
602 1597 700 1654 quava
722 1583 948 1653 consuetudine,

119 1668 254 1727 quonam
266 1651 404 1724 exemplo
417 1652 474 1707 hoc
484 1652 736 1722 aggrediaudeal,
747 1653 861 1710 nullum
874 1657 949 1711 seire

118 1724 258 1789 arbitror,
271 1724 382 1779 utistos
394 1723 505 1794 quibus
520 1739 680 1779 consessus
701 1726 730 1780 in
747 1726 876 1782 Ecclesia
895 1726 948 1782 da·

122 1799 172 1851 lus
192 1801 236 1850 est
252 1795 386 1859 minime,
401 1794 436 1848 iis
454 1797 653 1867 coequetqui
668 1797 883 1876 propterquod
899 1814 949 1854 an·

122 1866 231 1922 tistites
247 1866 297 1921 Dei
314 1871 391 1935 sunt,
406 1865 435 1920 in
452 1866 544 1922 domo
560 1869 608 1922 Dei
625 1873 653 1923 et
668 1883 696 1922 in
712 1865 826 1924 honore
842 1869 948 1925 Christi

121 1952 192 1993 cum
206 1937 351 2005 dignitate
367 1937 543 1994 considunt:
555 1953 623 2009 que
637 1939 764 1994 audacia
774 1946 817 1995 est
828 1940 949 2013 presby-

121 2008 194 2064 teris
214 2009 367 2063 ministros
383 2009 513 2089 ipsorum
530 2024 616 2080 pares
631 2008 728 2065 lacere
742 2009 756 2063 ι
770 2011 841 2076 Quia
856 2016 948 2067 tema-

120 2080 216 2136 ritatis
229 2087 436 2151 presumptio,
450 2079 656 2136 sacerdotibus
675 2080 795 2152 bajulos
804 2082 948 2140 'taberna-

120 2150 948 2222 culietomniumrasorumejusetlignorumconcisores

121 2226 153 2277 et
172 2223 330 2293 portitores
350 2237 438 2295 aque
457 2221 591 2277 conferre
607 2221 621 2276 ι
640 2225 699 2279 Ηοε
719 2225 796 2279 enim
817 2224 949 2281 officium

122 2292 178 2349 iuti
193 2293 360 2348 levitarum.
375 2293 443 2349 'l'ale
460 2299 513 2359 εει,
531 2295 554 2348 ει
569 2294 716 2366 ριιειεειιε
731 2295 883 2360 officiales,
898 2298 949 2353 do·

121 2365 216 2421 minis
232 2364 310 2420 servi
335 2370 500 2436 sequentur.
521 2367 580 2420 lloc
595 2365 674 2421 enim
690 2367 833 2437 seriptum
847 2373 891 2422 est
905 2368 949 2424 di·

123 2445 210 2491 cente
235 2435 360 2491 Domino
375 2436 414 2491 ad
435 2435 569 2508 Moysen,
591 2437 691 2507 Accipe
715 2437 817 2493 tribum
837 2439 949 2495 Laride

122 2507 215 2562 medic
225 2507 348 2578 filiorum
362 2506 458 2567 lsrael.
472 2511 592 2562 strictus
603 2508 667 2563 illos
678 2515 741 2563 onte
752 2511 851 2565 Aaron
860 2526 950 2565 sacar·

120 2578 221 2643 dotem,
232 2584 256 2632 et
265 2578 435 2633 dsurceatei'
446 2580 540 2645 (Num.
553 2593 611 2646 viti,
623 2582 680 2648 13).
690 2580 766 2644 Quid
782 2578 839 2635 hoc
852 2597 948 2637 cisin-

121 2649 328 2722 ploapertius,
345 2649 428 2721 quod
441 2649 529 2705 etiam
542 2666 622 2705 nunc
636 2653 663 2706 in
681 2650 810 2708 Ecclesia
822 2653 949 2708 custodi·

120 2726 171 2776 tur
181 2719 195 2775 ι
205 2718 383 2803 Quanquam
398 2720 540 2776 Romane
552 2721 687 2777 Ecclesia
698 2723 816 2779 diaconi
829 2723 948 2779 modico

120 2791 383 2848 inverecundiores
395 2791 562 2862 videantur,
575 2793 697 2848 sedendi
709 2799 808 2849 tamen
822 2794 948 2865 dignita·

122 2869 184 2919 tem
202 2863 232 2918 in
254 2863 381 2918 Ecclesia
402 2878 463 2919 non
481 2871 678 2933 presumunt.
705 2866 739 2920 Ut
765 2871 864 2920 Ιιιιιειιι
888 2881 946 2922 non

121 2933 226 2990 omnia
240 2934 402 2990 ministeria
412 2934 625 3005 obsequiorum
638 2950 691 3005 ρει
701 2934 836 2991 ordinem
845 2944 947 3005 agant,

122 3005 283 3062 multitudo
301 3005 371 3061 lacit
388 3005 573 3061 clericorum.
595 3005 668 3062 Nam
692 3008 793 3078 utique
812 3014 840 3061 et
856 3006 948 3063 altare

120 3080 274 3149 portarent
288 3083 316 3130 ει
334 3092 402 3132 rasa
417 3077 529 3148 ejus,et
543 3092 655 3149 aquam
671 3077 701 3133 in
717 3093 826 3133 manus
845 3078 948 3134 lunde-

123 3152 192 3203 reut
203 3148 361 3213 sacerdoli,
375 3147 451 3203 sicut
463 3148 598 3203 videmus
611 3164 662 3219 per
673 3163 779 3204 omnes
793 3150 948 3215 Ecclesias,

122 3225 151 3274 et
167 3219 243 3274 sicut
255 3220 448 3275 constitutum
462 3226 504 3274 εει
518 3234 536 3274 a
550 3221 675 3276 llomino
684 3235 735 3291 per
747 3222 879 3293 Moysen.
891 3222 950 3276 Aut

123 3289 950 3363 numquidmelioresEliseosunt,quiaquamfundebat

123 3362 156 3417 iit
171 3377 279 3417 manus
294 3360 361 3417 Elie
372 3360 415 3431 (tv
425 3363 491 3433 Req.
506 3377 545 3425 tii,
562 3363 604 3433 ll)
616 3360 630 3415 ι
640 3363 686 3418 Sic
695 3368 794 3417 aulem
805 3364 949 3419 diaconos

124 3432 273 3489 adversus
284 3433 476 3504 presbyteros
488 3432 627 3497 delendit,
643 3435 730 3505 quasi
743 3449 778 3488 ex
794 3434 951 3506 presbyte-

121 3503 165 3560 ris
182 3504 314 3569 diaconi,
346 3510 374 3558 ει
394 3519 453 3559 non
478 3519 512 3558 ex
536 3504 670 3560 diaconis
691 3504 855 3577 presbyteri
871 3505 949 3561 ordi·

122 3580 243 3632 nentur.
278 3574 335 3630 Sed
366 3575 438 3647 quia
473 3576 612 3630 Romane
642 3575 778 3632 Ecclesia
821 3577 948 3633 ministri

122 3651 205 3712 sunt,
246 3645 356 3701 ichrco
397 3645 634 3702 honorabiliores
675 3652 818 3719 putantur
855 3663 947 3719 quam

121 3717 206 3790 apud
232 3724 353 3773 ceteras
378 3716 532 3783 Ecclesiae
551 3723 672 3789 propter
693 3718 949 3787 magnificentiam

122 3788 209 3844 urhis
223 3790 335 3854 Eoine,
348 3804 416 3858 que
428 3790 525 3860 capud
541 3804 607 3845 esse
620 3787 735 3844 videtur
752 3789 888 3844 omnium
911 3792 948 3844 ci·

121 3860 261 3915 vitatum.
279 3860 306 3916 Si
318 3861 417 3931 itaque
431 3863 472 3914 sic
487 3864 542 3926 est,
558 3859 615 3915 hoc
630 3859 740 3915 debent
750 3865 779 3916 et
791 3860 948 3917 sacerdoti·

120 3930 183 3988 bus
209 3929 272 3986 suis
293 3930 424 3985 indicare
438 3946 445 3985 ε
458 3931 530 4002 quia
546 3931 570 3986 si
596 3931 614 3986 ii
639 3931 690 4003 qui
709 3931 862 3987 inferiores
881 3937 949 3987 suut

121 4007 262 4058 crescunt
276 4007 395 4074 propter
409 4002 663 4070 magnificentiam
679 4002 815 4070 civitatis,
834 4009 948 4085 quanto

120 4073 224 4142 magis
243 4074 295 4201 qui
314 4076 451 4144 potiores,
474 4073 656 4128 sublimandi
678 4081 747 4129 sunt
765 4072 779 4128 ι
797 4074 948 4147 Quidquid

122 4146 204 4200 enim
230 4142 410 4200 ollcialibus
427 4149 595 4215 prestatur,
611 4152 804 4216 augmentum
822 4145 855 4200 ιιι
867 4150 949 4217 ροιε-

121 4215 193 4272 stati
210 4217 305 4271 :sicut
319 4215 503 4271 honorservi
513 4216 551 4270 ad
563 4215 682 4271 laudem
696 4216 810 4287 proficit
820 4214 947 4272 domini.

123 4287 305 4358 Quanquam
323 4287 402 4358 apud
414 4287 525 4357 justum
536 4287 668 4357 judicem
682 4286 774 4343 Deum
790 4288 949 4360 unicuique

120 4357 172 4414 liic
192 4356 289 4414 honor
304 4364 433 4413 maneat.
448 4359 498 4430 qui
515 4357 651 4413 decretus
664 4364 706 4413 εει
718 4357 842 4428 singuiis
854 4360 949 4415 Eccle-

122 4429 236 4485 siarum
253 4429 367 4498 ciliciis,
385 4435 415 4483 ut
434 4430 485 4500 qui
499 4429 645 4484 diaeonus
662 4435 716 4492 est,
727 4428 845 4486 diaconi
858 4431 949 4486 hono·

120 4515 188 4556 rem
208 4514 261 4570 per
280 4516 385 4555 omnes
400 4499 544 4555 Ecclesiae
561 4500 682 4556 habeat.
698 4502 761 4556 lton
780 4500 860 4556 enim
876 4518 949 4574 qua-

120 4570 291 4643 liscumque
303 4570 397 4626 honor
407 4575 459 4635 cst,
470 4572 592 4627 antistiti
605 4571 656 4627 llei
665 4570 949 4629 servireinEcclcsia

122 4642 272 4698 duntaxat
295 4648 326 4697 ut
347 4642 488 4698 sacerdos
513 4644 600 4698 totius
616 4642 738 4699 honoris
758 4644 947 4700 ecclesiastici

122 4711 594 4785 dignushabeatur.hirijorenim
607 4714 681 4769 ordo
694 4714 853 4770 intrasset
867 4716 948 4788 apud

122 4800 156 4840 sc
178 4783 270 4841 habet
283 4789 311 4839 et
325 4785 472 4840 minorem
488 4803 494 4843 :
509 4786 667 4856 presbyter
682 4786 762 4841 enim
781 4792 809 4841 ct
830 4787 948 4843 diaconi

121 4856 184 4925 agit
200 4854 332 4911 officium
346 4863 374 4911 ει
387 4857 541 4912 exorcistae
555 4862 583 4912 et
597 4858 721 4912 lectoris.
739 4857 948 4929 Presbyterum

121 4931 224 4982 autern
242 4927 362 4995 intelligi
378 4928 565 4999 episcopum,
582 4928 688 4999 probat
705 4927 814 4983 Paulus
829 4936 950 5000 aposlo-

120 4997 182 5061 lus,
200 4998 324 5069 quando
346 4998 533 5054 Timotheum
580 5015 646 5053 uem
664 4997 815 5055 ordinavit
827 4999 950 5073 presby·

120 5074 232 5136 terum,
247 5069 364 5124 instruit
407 5069 504 5124 ualent
524 5014 632 5126 dehent
651 5085 751 5126 creare
772 5071 947 5154 episcopum

121 5140 146 5212 (ι
165 5140 237 5196 Tim.
253 5155 293 5203 ιιι,
309 5141 377 5211 l-7).
418 5139 467 5195 uid
481 5146 525 5196 est
543 5142 623 5196 enim
641 5142 811 5213 opiscopus,
826 5143 881 5197 nisi
895 5145 949 5267 ppi-

121 5227 192 5267 mus
215 5211 378 5283 presbyter,
396 5211 453 5267 hcc
473 5215 519 5267 est
536 5228 675 5268 summus
701 5214 840 5269 sacerdos
863 5213 877 5268 ‘l
921 5229 946 5269 e·

154 5343 285 5399 1διειιεε,
297 5345 410 5396 eleditio
421 5345 632 5410 Eatisponensis.
640 5346 706 5399 Alie
718 5361 781 5397 vcro
801 5346 948 5397 editiones:

122 5406 256 5468 Οιιοιιιοιιο
289 5414 378 5457 cculrc
406 5408 498 5458 levitas
522 5408 653 5458 Romanos
687 5410 879 5472 disceptandam
907 5411 948 5467 ιιι,

118 5470 280 5519 contendant
297 5470 389 5520 levitas
405 5472 587 5527 sacerdotibus,
610 5476 633 5520 et
649 5472 771 5522 diaconos
795 5473 950 5536 presbyteris

120 5546 173 5623 ‘of
191 5546 388 5652 ¹⁴;ls'..e·(2(›lberl.,
402 5595 692 5669 Falci-derequoeraut
709 5596 778 5653 duce,
795 5599 847 5651 etc.

155 5655 257 5706 ’Juxta
273 5657 318 5708 Er.
339 5656 425 5722 bugd.
441 5661 468 5708 et
480 5657 556 5714 Van„
571 5659 680 5708 ardete.
696 5657 731 5707 ιι.

154 5720 191 5784 (ιι)
206 5717 324 5780 Quaestio
338 5719 394 5772 bec
409 5720 485 5773 deest
501 5722 530 5771 in
546 5718 609 5775 ιιεε.
624 5720 736 5772 secundi
750 5721 868 5787 generis.

871 166 1064 232 aperantii.

1757 182 1831 240 2³06

1003 299 1095 373 nique
1112 315 1173 357 non
1193 300 1277 359 aliter
1295 314 1386 375 quam
1402 300 1664 376 compresbyteros
1678 305 1728 362 hic
1740 311 1828 364 vocat

1003 378 1032 428 ει
1046 373 1274 431 consacerdotes
1288 390 1368 430 suos.
1383 374 1535 445 Numquid
1548 382 1576 431 et
1593 375 1745 435 ministros
1760 394 1828 435 con·

1004 441 1151 499 diaconos
1164 460 1234 500 suos
1249 444 1321 501 dicit
1338 446 1526 518 episcopus?
1545 447 1609 502 Non
1628 448 1742 520 utique,
1756 448 1829 522 quia

1005 514 1100 570 multo
1120 514 1272 572 inferiores
1284 523 1362 572 sunt.
1377 519 1410 572 El
1425 523 1509 590 turpe
1525 524 1568 573 est
1581 518 1713 589 judicem
1729 520 1828 576 dicere

1005 586 1218 657 primicerium.
1248 590 1321 643 Nam
1347 588 1377 643 in
1406 587 1585 645 Alexandria
1603 597 1631 645 et
1657 605 1710 661 per
1736 596 1828 647 totam

1004 658 1826 733 AEgyptum,sidesitepiscopus,consecraipreshytert.

1005 729 1123 793 Quanta
1146 737 1247 785 aulem
1269 730 1305 786 sit
1328 730 1460 799 dignitas
1482 731 1596 787 ordinis
1620 733 1827 799 sacerdotalis,

1004 814 1098 855 causa
1111 802 1243 857 ostendit
1256 798 1388 873 Caipliae,
1404 801 1538 874 quicum
1559 809 1637 858 esset
1653 801 1744 859 homo
1762 819 1827 876 pes·

1005 871 1110 936 simus,
1128 873 1329 944 prophetavit.
1345 873 1467 938 Quare?
1482 872 1552 938 Quia
1565 874 1702 946 princeps,
1718 874 1826 947 inquit,

1004 949 1064 997 erut
1080 943 1246 999 sacerdotum
1266 944 1357 1014 (loca.
1380 960 1420 1010 xi,
1443 945 1500 1015 49).
1517 947 1549 1000 Et
1572 947 1678 1000 iteruin
1700 944 1827 1002 multum

1003 1013 1113 1069 distare
1126 1015 1201 1070 inter
1211 1015 1372 1072 diaconum
1383 1022 1412 1071 et
1425 1015 1622 1082 sacerdotem,
1636 1016 1708 1072 liber
1718 1032 1828 1089 appro-

1003 1083 1065 1149 bat,
1078 1101 1167 1157 quem
1178 1086 1307 1142 dicimus
1320 1091 1409 1142 Actus
1423 1087 1643 1157 Apostolorum.
1660 1090 1732 1143 Cum
1747 1088 1827 1144 enim

1004 1170 1040 1209 ex
1056 1153 1193 1212 Samaria
1207 1157 1403 1213 credidissent
1420 1157 1494 1213 Phili
1519 1173 1558 1239 po
1576 1158 1747 1230 predicanti
1765 1159 1828 1216 dia·

1003 1241 1081 1282 cono
1100 1227 1139 1282 ab
1159 1227 1306 1300 Apostolis
1326 1230 1474 1293 ordinato,
1496 1173 1642 1295 Riserunt,
1663 1229 1767 1302 inquit,
1788 1230 1828 1287 ad

1003 1297 1120 1353 Petrum
1132 1305 1159 1354 et
1172 1299 1318 1355 loannem
1328 1305 1359 1355 ut
1370 1300 1512 1364 venirent,
1522 1304 1551 1355 ει
1561 1300 1654 1373 iisqui
1663 1301 1827 1366 crederent,

1003 1368 1109 1424 darent
1119 1370 1260 1442 Spiritum
1273 1378 1410 1426 sanctum
1423 1386 1475 1442 per
1485 1386 1594 1425 manus
1604 1372 1828 1443 impositionem

1003 1438 1076 1512 (Act.
1097 1456 1155 1506 viii,
1180 1445 1221 1507 it,
1239 1444 1294 1512 ιὸ).
1321 1441 1377 1498 Sed
1395 1441 1481 1497 inscii
1497 1442 1587 1497 credo
1606 1442 1829 1513 Scripturarum

1003 1516 1055 1567 aut
1074 1511 1267 1569 immemores
1286 1513 1369 1582 Legis
1389 1514 1453 1568 hec
1473 1512 1646 1568 detendunt.
1671 1514 1828 1571 llecordari

1003 1596 1074 1653 ergo
1093 1583 1181 1639 debet
1196 1585 1248 1655 qui
1263 1585 1320 1639 ista
1339 1590 1424 1657 putat
1445 1585 1617 1655 asserenda,
1639 1584 1712 1656 quid
1732 1584 1827 1639 levitis

1003 1652 1143 1710 acciderit
1157 1671 1226 1710 cum
1241 1655 1337 1711 taliter
1347 1660 1496 1727 saperent,
1511 1657 1585 1712 Cum
1600 1657 1681 1712 enim
1696 1655 1768 1711 nihil
1785 1655 1828 1711 in·

1003 1729 1046 1781 ter
1070 1726 1241 1782 sacerdotes
1263 1732 1292 1782 et
1313 1727 1415 1781 levitas
1440 1726 1580 1782 interesse
1600 1731 1827 1798 presumerent,

1005 1798 1064 1852 ileo
1074 1796 1175 1866 judice
1191 1797 1274 1855 hiatu
1288 1801 1373 1853 terre
1385 1797 1518 1868 absorpti
1530 1803 1600 1852 sunt
1610 1797 1704 1853 Chore
1717 1804 1744 1853 et
1757 1813 1828 1852 con-

1003 1867 1163 1923 sentientes
1178 1871 1214 1934 ei,
1231 1875 1259 1924 et
1279 1868 1424 1923 ducentos
1439 1869 1660 1949 quinquaginta
1676 1869 1756 1922 viros
1771 1873 1829 1925 lot·-

1003 1939 1161 2009 rensignis
1176 1939 1266 1995 simul
1279 1950 1464 2010 consumpsit
1480 1940 1574 2065 hNum'
1592 1954 1649 2004 xii,
1665 1939 1759 2065 tit-35?
1776 1954 1783 1994 :
1800 1944 1830 1995 et

1004 2010 1087 2066 Ozias
1098 2025 1150 2065 rex
1162 2026 1229 2066 cuin
1244 2027 1262 2067 o
1287 2026 1322 2065 us
1334 2011 1485 2066 sacerdota
1499 2015 1729 2082 epresumeret,
1756 2025 1829 2082 epra

1003 2081 1142 2152 pertusus
1158 2086 1200 2136 est
1215 2082 1251 2152 (ll
1265 2027 1362 2136 Ἱάναι.
1381 2098 1461 2148 xxvi,
1481 2083 1571 2151 ta-at)
1587 2099 1595 2136 ι
1613 2087 1644 2136 ut
1658 2081 1716 2138 boc
1730 2080 1830 2153 utique

1003 2153 1142 2225 exemplo
1157 2154 1254 2208 ceteri
1270 2153 1359 2208 territi
1375 2169 1435 2208 non
1447 2153 1578 2208 audeant
1592 2153 1674 2225 quod
1690 2152 1746 2208 sibi
1761 2167 1830 2209 con·

1003 2237 1124 2280 cessum
1139 2240 1199 2280 non
1219 2229 1265 2279 est
1284 2239 1475 2296 presumere.
1497 2226 1579 2279 Nunc
1594 2224 1673 2280 enim
1692 2224 1829 2279 videmus

1003 2295 1149 2351 diaconos
1172 2300 1281 2351 temere
1302 2295 1385 2367 quod
1402 2295 1593 2351 sacerdotum
1616 2300 1660 2351 est
1673 2309 1761 2363 agere
1776 2310 1829 2367 ρει

1004 2367 1139 2421 convivia
1163 2370 1193 2422 et
1207 2367 1237 2422 in
1252 2368 1386 2423 oratione
1408 2366 1438 2421 id
1460 2365 1544 2433 velle,
1561 2374 1591 2422 ut
1613 2365 1830 2439 respondeatur

1004 2436 1075 2502 illis,
1089 2453 1157 2493 cum
1173 2438 1253 2493 istud
1272 2437 1342 2493 solis
1357 2437 1444 2494 liccat
1470 2436 1686 2493 sacerdotibus.
1707 2437 1828 2493 Diaconi

1004 2508 1085 2563 enim
1102 2510 1177 2564 ordo
1197 2516 1250 2575 εει,
1267 2515 1401 2581 accipere
1421 2524 1440 2564 a
1460 2509 1626 2574 sacerdote,
1642 2515 1669 2564 et
1693 2508 1735 2564 sic
1756 2508 1828 2564 dare

1003 2579 1093 2651 plebi.
1107 2579 1191 2635 Vides
1206 2581 1276 2651 quid
1290 2580 1387 2651 pariat
1400 2594 1480 2635 vana
1491 2580 1685 2651 presumptio
1697 2579 1711 2634 ι
1721 2581 1827 2634 ιιιιιιιε-

1004 2665 1103 2706 ιιιοιεε
1118 2651 1196 2706 ειιιιιι
1210 2652 1337 2706 elatione
1354 2651 1474 2718 mentis,
1486 2665 1522 2707 co
1536 2651 1619 2722 quod
1636 2650 1755 2707 videant
1770 2649 1827 2706 tto·

1004 2737 1104 2777 mane
1115 2721 1252 2777 Ecclesiae
1266 2737 1298 2776 se
1313 2737 1378 2777 csse
1387 2721 1552 2785 ministros,
1565 2737 1625 2778 non
1637 2721 1827 2777 considerant

1003 2793 1076 2865 quid
1091 2792 1146 2848 illis
1157 2809 1175 2848 ιι
1186 2792 1246 2848 Deo
1258 2793 1410 2848 decretum
1426 2792 1472 2857 sit,
1486 2796 1514 2847 ct
1528 2792 1600 2865 quid
1615 2792 1744 2849 debeant
1758 2808 1828 2848 cus·

1003 2863 1100 2919 todire
1116 2881 1122 2918 :
1140 2865 1192 2919 sed
1210 2863 1315 2920 tollunt
1329 2865 1393 2920 hec
1407 2863 1445 2918 de
1458 2863 1604 2919 memoria
1619 2864 1749 2920 assidue
1766 2870 1827 2920 sta·

1003 2935 1099 2990 tiones
1113 2934 1231 2999 domes,
1247 2933 1311 2990 tice
1325 2942 1353 2990 et
1365 2934 1542 3001 ollicialitas,
1558 2951 1626 3007 quar
1642 2950 1694 3006 per
1705 2949 1827 3003 sugges·

1003 3006 1098 3061 tiones
1109 3005 1204 3060 malas
1217 3021 1269 3060 seu
1289 3006 1473 3061 bonasnunc
1483 3005 1827 3078 plurimumpotest.Aul

1004 3078 1123 3133 timetur
1135 3075 1214 3131 enim
1233 3091 1270 3131 nc
1290 3077 1369 3131 male
1389 3084 1561 3145 suggerant,
1575 3082 1627 3132 aut
1639 3083 1780 3133 emuntur
1796 3083 1827 3133 ul

1003 3153 1153 3219 prestent.
1175 3147 1208 3202 lli
1223 3152 1292 3201 sunt
1307 3147 1358 3217 qui
1377 3146 1490 3201 laciunt
1508 3163 1559 3203 eos
1579 3147 1691 3202 ordinis
1706 3149 1752 3202 sui
1765 3162 1828 3204 non

1004 3218 1193 3274 considerare
1206 3218 1362 3273 rationem.
1375 3217 1451 3272 Dum
1466 3217 1544 3272 enim
1559 3233 1612 3289 per
1624 3217 1827 3274 adulationem

1004 3289 1212 3361 obsequuntur
1231 3289 1288 3344 illis
1307 3288 1416 3353 illicite,
1437 3289 1603 3360 precipites
1622 3288 1689 3344 illos
1702 3288 1826 3354 iaciunt,

1004 3366 1036 3415 ιιι
1055 3360 1123 3432 ριιιε
1147 3359 1202 3417 sihi
1228 3365 1331 3432 putent
1351 3358 1438 3415 licere
1454 3375 1461 3414 :
1477 3361 1590 3432 quippe
1612 3375 1681 3414 cuni
1708 3359 1830 3415 videant

1003 3446 1064 3487 non
1081 3431 1124 3487 sic
1137 3431 1244 3487 deterri
1257 3430 1464 3487 sacerdotibus
1481 3447 1488 3497 ;
1505 3447 1541 3487 ac
1554 3445 1607 3502 per
1618 3431 1675 3486 hoc
1690 3429 1827 3486 anteferri

1004 3519 1035 3557 se
1051 3508 1169 3575 putant.
1183 3503 1238 3560 Sed
1256 3503 1431 3569 testimonio,
1445 3503 1551 3573 inquit,
1563 3502 1680 3558 diaconi
1696 3501 1730 3556 lit
1743 3516 1827 3584 pres·

1002 3571 1117 3645 byler:
1143 3575 1230 3700 guasi
1261 3573 1339 3629 istud
1369 3574 1407 3629 ad
1433 3575 1662 3655 prerogativam
1683 3576 1828 3642 pertineat

1003 3645 1139 3715 magnitu
1165 3646 1229 3700 inis.
1250 3644 1388 3714 Legimus
1411 3660 1491 3700 enim
1515 3644 1553 3698 ad
1577 3643 1695 3717 plebem
1716 3642 1827 3699 dixisse

1004 3716 1123 3771 Petrum
1140 3714 1328 3788 apostolum:
1342 3714 1454 3787 Eligile‚
1471 3715 1577 3786 inquit,
1594 3730 1630 3770 ex
1649 3713 1736 3769 vobis
1772 3729 1828 3771 uos

1002 3788 1219 3843 constituamus
1241 3787 1391 3841 deservire
1414 3787 1562 3858 mysteriis
1592 3785 1728 3842 Ecclesiae
1750 3730 1827 3857 ῗΑιι.

1004 3875 1041 3924 vi,
1057 3860 1092 3928 A).
1109 3857 1182 3914 Nolo
1197 3856 1306 3925 dicere,
1322 3859 1429 3913 ιιιειιείε.
1446 3859 1518 3913 Εεεε
1533 3857 1676 3914 laicorum
1697 3857 1828 3913 testimo·

1003 3931 1053 3985 nio
1073 3930 1162 3985 creati
1176 3934 1246 3984 sunt
1260 3929 1389 3987 diaconi.
1405 3931 1438 3984 Et
1452 3928 1611 4002 Apostolus
1626 3944 1695 3984 eum
1710 3927 1762 4001 qui
1781 3944 1828 3984 or·

1003 3999 1156 4056 dinandus
1181 4001 1288 4057 dicitur
1314 4000 1484 4073 episcopus,
1510 4002 1599 4057 etiam
1626 4000 1828 4057 testimonium

1005 4073 1047 4128 ult
1064 4071 1173 4127 babere
1195 4071 1351 4128 Gentilium
1368 4088 1375 4128 :
1390 4073 1432 4128 sic
1451 4073 1531 4128 enim
1554 4073 1603 4137 ait,
1626 4071 1738 4153 Oportet
1756 4073 1828 4127 cuim

1004 4141 1075 4198 ltanc
1093 4150 1119 4200 et
1140 4144 1324 4199 testimouium
1343 4140 1438 4199 iubere
1457 4142 1553 4199 locum
1571 4142 1604 4198 al
1626 4142 1672 4197 lits
1692 4143 1740 4212 qui
1756 4142 1828 4211 sotr's

1001 4220 1068 4270 iuni
1086 4216 1110 4285 (l
1127 4214 1186 4271 Tim
1199 4231 1240 4281 ιιι,
1256 4215 1298 4286 ι).
1318 4216 1459 4272 Omnium
1478 4229 1549 4284 ergo
1564 4218 1609 4269 est
1625 4213 1828 4268 testimonium

1001 4284 1085 4355 dare,
1098 4291 1126 4341 et
1141 4301 1201 4342 non
1218 4293 1317 4342 tamen
1332 4302 1438 4342 omnes
1451 4286 1508 4342 boc
1523 4286 1637 4341 honore
1651 4281 1750 4352 dignis
1759 4286 1830 4338 sunt

1002 4357 1226 4413 ludicareenim
1238 4372 1345 4413 omnes
1377 4361 1528 4419 ossunt,et
1538 4371 1598 4410 non
1609 4359 1709 4410 tamen
1723 4368 1828 4410 omnes

1002 4435 1129 4501 possunt
1144 4427 1302 4500 essequod
1316 4374 1463 4498 jiih'ieani.
1476 4427 1572 4482 Potest
1586 4426 1666 4481 enim
1677 4425 1772 4497 pictor
1783 4424 1829 4495 ju·

1003 4500 1106 4555 dicarii
1120 4500 1226 4562 bonus,
1243 4503 1272 4553 et
1286 4497 1416 4570 preferri
1429 4497 1511 4553 alleri
1526 4497 1566 4553 ab
1579 4495 1628 4551 illo
1638 4497 1689 4568 qui
1706 4495 1827 4621 Pinffff‘?

1004 4571 1116 4626 nesciat
1126 4577 1168 4637 ;et
1179 4569 1322 4625 choraula
1331 4569 1434 4625 melior
1447 4569 1506 4624 alio
1514 4567 1656 4625 choraula
1667 4582 1763 4640 appro
1785 4582 1828 4624 ari

1003 4642 1044 4699 ab
1059 4657 1104 4710 eo,
1113 4640 1165 4713 qui
1180 4640 1299 4696 alterius
1312 4645 1357 4695 est
1372 4643 1442 4696 artis
1455 4656 1461 4695 :
1474 4640 1514 4695 ila
1524 4648 1552 4695 et
1562 4639 1642 4695 testis
1653 4643 1749 4711 potest
1761 4654 1828 4694 essa

1004 4710 1827 4784 creandipresbyteriquiinleriorordineest.Etiterum,

1004 4800 1064 4857 quo
1079 4782 1256 4839 inflenturet
1267 4788 1371 4855 putent
1382 4782 1575 4838 sibimultum
1590 4781 1828 4838 deberi.Anobis

1004 4857 1095 4921 enim,
1111 4854 1261 4926 inquiunt,
1277 4854 1481 4926 perducuntur
1494 4853 1545 4926 qui
1558 4853 1718 4911 ordinandi
1733 4859 1801 4909 sunt
1818 4868 1825 4907 ε

1004 4933 1034 4983 ιιι
1047 4926 1120 4982 dum
1133 4925 1217 4982 lateri
1229 4925 1347 4982 illorum
1364 4925 1440 4997 septi
1463 4931 1542 4985 sunt.
1559 4924 1673 4980 honora
1687 4925 1768 4994 digni
1783 4923 1828 4977 vi·

1003 4998 1141 5053 deantur.
1158 4999 1213 5053 Fac
1229 5012 1330 5053 verum
1344 5012 1418 5052 esse.
1437 4997 1529 5062 Quasi
1546 4996 1681 5053 ollicialis
1695 4993 1828 5051 animab

1005 5071 1147 5142 episcopo
1170 5069 1303 5133 mittitur,
1330 5075 1360 5123 ut
1382 5068 1564 5139 obsequium
1591 5066 1724 5138 prebeat
1750 5063 1829 5121 ordi-

1005 5140 1117 5197 nando.
1132 5143 1205 5195 Nam
1221 5144 1250 5195 et
1263 5140 1435 5211 imperator,
1452 5144 1483 5195 ut
1498 5139 1660 5210 imperator
1672 5138 1827 5208 appareat,

1004 5212 1160 5267 ordinatur
1172 5210 1318 5283 obsequio
1328 5209 1446 5265 militari
1458 5225 1533 5265 :non
1545 5216 1644 5264 tamen
1659 5206 1764 5263 melior
1773 5221 1829 5262 nec

1004 5298 1059 5354 par
1075 5287 1120 5338 est
1141 5282 1285 5337 exercitus
1308 5280 1491 5353 imperatori.
1506 5280 1580 5335 Nam
1601 5284 1630 5334 et
1643 5284 1739 5334 Aman
1758 5292 1827 5333 cum

1004 5360 1081 5410 esset
1095 5354 1192 5409 clarus
1205 5353 1234 5407 in
1246 5352 1359 5408 honore
1370 5351 1499 5417 militari,
1512 5367 1531 5406 a
1541 5365 1610 5419 rege
1625 5348 1734 5405 missus
1744 5352 1829 5405 estut

1004 5424 1189 5483 llardocheo
1210 5424 1240 5479 in
1260 5422 1437 5493 obsequium
1460 5423 1512 5477 iret
1530 5420 1753 5494 (Eritaecum)
1771 5440 1778 5474 i
1796 5424 1828 5475 ul

1004 5502 1151 5569 quantum
1163 5494 1273 5566 dignus
1285 5500 1360 5551 esset
1372 5493 1585 5558 llardochens,
1601 5508 1636 5549 ex
1652 5489 1827 5563 hujusmodi

1004 5567 1157 5640 obsequiis
1171 5572 1354 5624 nosceretur.
1370 5564 1415 5622 lta
1427 5569 1454 5620 ει
1468 5564 1588 5622 diaconi
1600 5563 1737 5621 creandis
1749 5576 1830 5637 pres·

1036 5719 1045 5753 ι
1058 5716 1125 5769 ιιει.
1144 5714 1272 5774 colbert,
1285 5714 1432 5783 estiensi.
