3952 6150
1760 110 1832 170 2168

115 256 190 311 Nam
205 254 234 308 et
247 247 413 308 Pharaonis
425 249 571 306 exercitus
585 254 743 321 marepost
757 246 943 304 lsraelintra·
996 250 1121 324 quando
1146 252 1225 307 terra
1250 245 1371 318 AEgypti
1392 241 1518 326 diversis
1531 232 1631 371 Elegia
1643 242 1829 305 maceratur,

115 321 943 393 vit:sedunirelugiiim,alteiilaqueusluit.Quaprop·
997 337 1056 378 non
1069 322 1147 378 hanc
1160 323 1191 378 in
1206 335 1237 376 se
1251 326 1367 376 natura
1381 321 1521 397 virtutem
1555 313 1650 379 abuit,
1665 326 1741 393 cirin
1764 325 1831 368 cam

114 402 160 453 ter
175 401 204 453 et
217 396 268 452 illa
283 394 378 450 nubes
392 395 492 450 media
504 392 649 464 AEgyptiis
659 397 721 448 erat
731 391 897 457 tenebrosa,
912 395 944 448 ut
997 396 1112 466 Moyses
1126 393 1172 449 vel
1183 399 1280 449 Aaron
1296 389 1410 446 adhaec
1425 385 1563 469 iacienda
1576 383 1719 446 clevavit,
1743 380 1832 463 velut

139 483 170 523 er
185 472 278 523 totam
294 470 412 521 noctem
422 464 659 537 praecedentibus
671 463 813 534 conjungi
826 478 943 519 nonva-
998 481 1110 547 aquam
1124 463 1258 522 fluminis
1274 462 1304 518 in
1326 473 1506 540 sanguinem
1518 458 1657 521 verteret,
1677 453 1726 510 vel
1740 459 1832 510 etiam

114 483 226 604 ierem
243 536 342 593 lsraeli
356 552 426 591 vero
442 543 559 591 noctem
576 537 672 607 ipsam
697 534 897 600 illuminabat,
914 538 945 591 ut
997 538 1147 607 sciniphes
1160 537 1198 592 de
1211 534 1333 608 pulvere
1343 534 1508 612 suscitaret,
1525 527 1569 584 vel
1582 528 1727 584 tenebras
1739 524 1833 582 dedu·

115 610 269 683 protunda
284 607 374 663 inaris
390 607 489 662 lucida
502 608 551 662 via
567 607 746 662 incederent.
761 606 830 663 Orto
843 613 944 662 antem
998 614 1077 664 ceret
1090 608 1127 664 de
1142 607 1227 664 coelo.
1244 606 1273 663 Si
1294 604 1374 660 enim
1391 602 1622 682 aliquisuprreter
1645 600 1788 724 Ιεῆεειτ,
1806 601 1833 652 et

116 681 258 745 diluculo,
275 679 416 735 deieusus
428 685 553 749 iitroque
565 678 707 750 periculo,
719 678 848 733 hostium
860 682 945 748 etpe-
998 695 1059 736 nori
1073 695 1141 735 oum
1156 680 1205 734 liei
1220 683 1379 750 praecepto,
1396 687 1478 756 mare
1501 677 1609 751 iteruin
1624 685 1664 752 ex
1681 686 1688 723 i
1713 682 1831 751 alvirga

117 752 187 825 lagi,
205 757 282 807 totus
296 750 345 805 Dei
360 749 489 820 populus
501 751 595 805 evasit
610 750 650 805 ad
664 749 862 818 ruradeserti;
874 764 944 805 cum
998 751 1188 823 percussiset,
1230 765 1263 805 ro
1283 753 1363 804 certo
1372 761 1444 828 'ejus
1458 756 1645 815 percussioni
1658 740 1762 823 Thetis
1783 754 1833 795 ne·

119 830 209 887 totus,
227 824 290 877 sine
305 821 410 876 saltem
428 822 531 876 nuntio
544 819 698 885 evadente,
717 820 881 876 Pharaonis
896 836 945 875 cu·
998 838 1154 896 quaquam
1166 837 1198 878 ce
1222 825 1291 877 eret.
1307 821 1340 874 lit
1355 833 1379 873 si
1393 821 1499 872 iterum
1512 829 1610 897 aquas
1624 813 1749 895 torturtu
1770 825 1834 883 per·

118 910 206 961 neiis,
222 892 312 947 undis
327 892 366 947 ad
377 907 448 946 suas
462 897 557 947 metas
575 891 801 957 revertentibus,
817 891 947 947 concidit
999 899 1121 961 outerct,
1134 893 1267 966 proiecto
1279 889 1345 947 illas
1358 902 1515 959 nunquam
1528 900 1559 941 in
1572 897 1760 965 sanguinem
1770 898 1835 939 nru-

119 966 149 1021 iii
166 965 267 1033 glarea
280 962 420 1035 profundi
438 962 538 1035 (licead.
554 964 626 1034 xiv).
641 963 671 1019 ln
695 963 753 1019 hoc
764 967 824 1020 tam
838 962 945 1032 insigni
1000 969 1085 1022 taret.
1103 965 1149 1022 Sic
1173 970 1200 1021 et
1224 963 1306 1019 illam
1321 960 1462 1041 arborem
1477 973 1531 1029 ρετ
1554 971 1649 1038 quam
1675 970 1706 1011 in
1722 954 1835 1035 harath

120 1037 150 1092 in
168 1036 216 1091 liei
229 1035 370 1106 operibus
382 1034 537 1099 miraculo,
552 1035 631 1091 istud
646 1035 683 1089 dc
699 1034 836 1106 prasenti
861 1040 946 1090 actus
1001 1052 1082 1109 aqua
1094 1036 1174 1092 salsa
1187 1033 1368 1098 indulcetur,
1383 1030 1446 1113 ¹siin
1460 1043 1598 1085 amarum
1615 1026 1768 1108 liquorem
1784 1026 1834 1107 ali·

119 1107 211 1163 nostri
236 1107 400 1161 intentione
415 1106 552 1176 exigitur,
569 1106 724 1178 quomodo
749 1105 779 1160 iii
796 1106 906 1161 siccato
919 1110 949 1161 et
1001 1109 1069 1181 quis
1085 1107 1250 1178 intingeret,
1266 1110 1294 1161 et
1305 1118 1367 1161 non
1381 1101 1462 1158 idem
1486 1100 1610 1181 Deusut
1623 1100 1771 1180 primitus
1783 1112 1836 1153 iin-

119 1177 276 1234 recedente
286 1179 324 1233 de
336 1176 483 1233 littoribus
498 1179 572 1233 mari
586 1180 660 1234 ratio
673 1180 874 1232 conservatur.
890 1177 947 1233 Sed
1000 1183 1127 1253 peraret,
1142 1194 1196 1250 pro
1209 1182 1288 1233 certo
1300 1171 1650 1297 nonillamsalsuginam
1663 1182 1834 1225 insuavem

121 1249 221 1321 ipsuiii
233 1264 292 1303 non
305 1253 367 1304 tarn
379 1248 547 1313 difficulter,
557 1252 615 1305 lieo
626 1247 793 1329 auxiliante,
805 1263 860 1303 nos
869 1248 949 1304 inve·
1002 1265 1140 1323 saporem
1152 1252 1360 1329 commutaret..
1369 1244 1452 1303 Unde
1461 1258 1541 1371 persi
1565 1239 1836 1312 cndumest,quod

119 1322 184 1377 nire
196 1320 357 1387 credimus,
372 1321 424 1391 qui
435 1320 660 1390 congelantibus
675 1320 763 1374 undis
774 1326 948 1391 stagnorum
1002 1337 1063 1379 non
1079 1321 1146 1378 ideo
1164 1325 1240 1377 heus
1253 1319 1317 1375 hac
1327 1318 1346 1374 li
1371 1333 1419 1383 na,
1429 1331 1464 1396 ve
1483 1312 1623 1370 etiamds
1635 1311 1765 1369 lornaoe
1775 1310 1839 1384 pril-

120 1391 212 1448 dorsa
227 1391 321 1460 glacie
336 1396 518 1463 superstrata
531 1391 697 1462 saepissime
711 1390 948 1447 consideramus.
1003 1409 1104 1451 veram
1121 1393 1150 1448 in
1165 1392 1213 1448 his
1229 1389 1357 1447 mirabili
1382 1404 1417 1443 us
1430 1392 1571 1443 interesse
1592 1389 1794 1465 praeceperat,
1809 1386 1840 1438 tri

122 1464 208 1528 Quod
223 1477 293 1531 ergo
319 1462 398 1518 venti
414 1467 443 1517 et
466 1462 636 1533 pluviarum
655 1462 808 1517 desinente
831 1462 949 1517 turbine
1004 1464 1115 1537 aliquid
1129 1466 1159 1520 in
1174 1464 1229 1519 illis
1244 1475 1416 1534 percorum
1431 1462 1572 1514 naturam
1587 1455 1633 1511 vel
1644 1455 1841 1511 administra·

121 1534 198 1590 aeris
208 1533 540 1606 interiorespartesgelu
551 1533 712 1597 obtinente,
728 1535 758 1588 in
771 1534 857 1605 aquis
871 1549 950 1615 saepe
1005 1537 1116 1593 tionem
1131 1535 1272 1591 ellectum
1294 1532 1385 1614 fuisse
1399 1530 1469 1612 quis
1494 1529 1606 1585 credat.
1626 1526 1687 1608 Sed
1699 1524 1839 1609 pernhart

121 1604 297 1661 naturaliter
312 1604 527 1669 elficitiir,illiid
541 1610 611 1660 tnnc
623 1606 671 1660 liei
680 1605 766 1674 Jussu
778 1620 830 1676 per
842 1605 951 1674 glacia·
1004 1606 1172 1664 futurorum
1200 1609 1341 1679 mysteria
1364 1603 1545 1683 presignato
1559 1613 1624 1655 esse
1644 1600 1795 1679 ‚insti-tuit,
1810 1600 1841 1651 ut

122 1676 182 1732 lam
190 1682 309 1730 ventum
327 1675 427 1730 subito
439 1680 561 1745 urgente
576 1676 614 1747 (a)
627 1675 734 1747 pelago
743 1675 951 1731 iactumluisse
1005 1678 1078 1751 quid
1097 1680 1127 1734 in
1140 1678 1187 1734 his
1203 1692 1283 1733 nunc
1308 1677 1339 1731 in
1366 1673 1504 1751 Ecclesiae
1520 1668 1712 1752 provectibus
1726 1672 1786 1725 ista
1798 1670 1839 1724 ta·

121 1747 349 1817 comprobatur.
365 1746 421 1801 Sed
437 1747 513 1801 sicut
527 1752 649 1818 repente
665 1762 747 1802 mare
761 1747 873 1802 siccum
894 1747 952 1803 Do-
1006 1750 1096 1816 ciant,
1110 1752 1230 1821 sapiens
1240 1747 1346 1804 doctor
1355 1744 1471 1827 figurali
1485 1746 1673 1824 expositione
1693 1739 1841 1821 decernat

122 1818 205 1874 mino
215 1819 381 1889 imperante
392 1817 536 1888 redditur,
551 1818 591 1874 ita
607 1817 713 1873 eodem
726 1817 951 1890 jiibenteliqiie·
1006 1823 1082 1877 Dum
1092 1826 1192 1877 antem
1207 1821 1322 1890 lignum
1338 1816 1410 1872 nihil
1425 1830 1456 1871 in
1468 1816 1525 1871 hoc
1539 1810 1716 1870 naturaliter
1732 1810 1839 1868 tecisss

123 1887 803 1956 lactum,iniluidasundasdesiccoresolvitur.
815 1892 952 1946 bereces·
1006 1892 1254 1966 approbavimus,
1271 1893 1361 1945 restat
1372 1902 1453 1944 nunc
1469 1891 1500 1942 ut
1510 1884 1667 1958 quomodo
1682 1898 1740 1954 per
1755 1887 1841 1938 natu·

123 1976 159 2015 su
175 1975 243 2015 vero
257 1959 334 2014 illius
348 1959 524 2031 quotidiana
535 1960 801 2024 administratione,
811 1960 952 2031 jamanta
1006 1980 1072 2022 rum
1099 1962 1212 2021 tactum
1227 1963 1272 2028 sit,
1300 1974 1500 2043 exponamus.
1528 1954 1754 2039 Quodcumque
1769 1968 1840 2037 argo

123 2030 332 2112 praediximus,
347 2030 419 2102 quia
434 2047 487 2103 ρετ
499 2032 608 2088 Oceani
618 2032 708 2087 maris
719 2032 857 2087 aestuaria
871 2032 953 2088 inde·
1005 2051 1060 2120 per
1075 2036 1209 2092 studium
1224 2048 1361 2106 quamvis
1375 2030 1458 2099 loiigr
1470 2033 1610 2100 temporis
1622 2040 1655 2081 iri
1678 2039 1711 2081 τε
1737 2024 1841 2098 aliqua

120 127 190 187 ilat
493 122 541 181 DE
559 124 795 183 MlilhBlLlBUS
812 123 942 181 8thAE
962 122 1189 193 SCRIPTUM,
1206 122 1237 179 S.
1256 118 1450 178 aucusttiti

126 2108 257 2158 sinenter
270 2101 333 2156 fieri
348 2102 447 2157 videre
456 2102 597 2159 solemus.
615 2105 656 2158 Ex
666 2117 728 2174 quo
739 2103 874 2174 colligere
886 2119 954 2176 pos·

122 2188 238 2241 sumus,
252 2173 333 2244 quod
353 2188 435 2229 mare
452 2175 527 2230 sicut
543 2173 953 2256 naturaliterquotidiedese·

123 2243 954 2317 ritlittora,noncontranatiiram,quamvislongealiter

124 2313 264 2440 dmiffffl
282 2314 385 2384 modo,
400 2315 461 2372 Deo
475 2323 545 2373 tunc
560 2315 756 2386 gubernante,
775 2318 952 2390 proprialit·

126 2391 191 2443 tora
226 2387 324 2441 etexit.

160 2456 347 2525 eripuisti.
360 2488 388 2497 -
397 2458 438 2511 De
446 2459 917 2530 cormiuecousouofiliorumlrroel.

161 2528 389 2583 Considerantes
404 2528 493 2598 igitur
507 2529 655 2586 liliilsrael
669 2530 889 2587 validissimam
905 2545 955 2602 po·

124 2603 273 2662 testatem,
294 2614 387 2671 quam
406 2601 435 2654 in
456 2600 501 2655 sui
528 2600 701 2657 liberatione
718 2603 860 2657 hominus
875 2602 952 2667 iecit,

124 2670 954 2742 lloysepraecinenteconsonocarminacanticumllomi·

123 2757 164 2798 no
180 2742 310 2797 universi
327 2743 435 2811 pariter
457 2742 659 2798 decantabant
673 2743 771 2813 (deod.
786 2760 837 2809 xv,
863 2746 949 2813 idi).

126 2812 181 2868 Ubi
194 2813 310 2868 enormi
324 2813 394 2866 satis
405 2813 602 2869 admiratione
614 2814 722 2869 accidit
730 2815 856 2885 dignum
868 2816 954 2873 mira·

125 2884 241 2945 culum,
256 2887 285 2937 ut
297 2883 396 2938 cuncti
406 2884 682 2956 paritersenescum
693 2886 806 2958 pueris,
814 2892 842 2944 et
850 2903 956 2943 omnes

124 2957 239 3017 aetates,
254 2953 361 3008 eodem
377 2955 513 3027 inspirati
522 2955 655 3025 flamine,
673 2973 732 3013 uno
746 2959 835 3030 quasi
846 2975 881 3014 ex
892 2975 955 3029 ore,

124 3024 207 3081 nulla
233 3025 582 3097 praemonitioneedocti,
610 3027 735 3085 easdem
764 3029 956 3088 concinenter

125 3094 236 3152 litteras
244 3097 437 3153 decantarent
447 3098 478 3153 iri
488 3114 593 3154 unum.
605 3099 662 3155 Sed
673 3105 788 3156 natura
799 3101 956 3174 inquisitor

125 3166 155 3223 in
171 3168 228 3223 hoc
241 3167 307 3223 loco
321 3184 446 3224 securus
457 3169 593 3236 eflicitur,
606 3170 657 3227 ubi
670 3187 730 3228 non
739 3173 955 3230 consuetudine

123 3237 250 3295 humani
264 3239 387 3308 ingenii,
403 3240 455 3296 sed
468 3240 570 3297 divino
587 3241 695 3314 Spiritu
711 3250 869 3300 cantorum
885 3261 956 3316 pec·

126 3314 192 3366 tora
207 3315 237 3365 st
247 3325 301 3366 ora
311 3311 502 3382 inspirantur.
518 3312 573 3368 Sed
586 3314 617 3370 in
639 3313 685 3369 his
700 3320 801 3369 tamen
827 3318 954 3372 cantori·

125 3381 185 3437 hus
200 3381 240 3436 nil
256 3382 335 3437 idem
353 3383 478 3454 Spiritus
491 3388 595 3441 eontra
610 3390 748 3440 naturam
765 3385 897 3442 ellecisse
912 3386 955 3442 di-

126 3453 291 3523 gnoscitur,
307 3453 336 3508 in
362 3453 473 3526 quibus
491 3471 609 3527 perora
630 3460 658 3512 et
673 3456 791 3526 linguas
805 3457 916 3514 halitus
930 3464 959 3514 et

124 3539 184 3580 vox
199 3524 238 3580 ad
252 3524 344 3580 verba
357 3532 504 3583 movetur.
516 3530 549 3582 Et
561 3527 643 3601 quod
658 3528 845 3599 perverbum
856 3533 883 3584 et
896 3536 956 3587 stii-

126 3594 212 3650 dium
227 3596 235 3650 i
260 3597 284 3651 si
300 3595 397 3653 iacere
409 3605 580 3680 potuerant,
596 3614 764 3656 consonum
776 3616 883 3657 omnes
896 3617 959 3658 car·

125 3680 197 3723 meir
250 3672 387 3724 ecaritate
412 3685 443 3724 iii
473 3685 533 3726 uno
561 3675 715 3727 momento
742 3671 958 3729 Dominusillis

126 3737 262 3793 donavit.
280 3741 311 3793 Et
330 3740 383 3810 qui
399 3739 490 3810 paulo
509 3745 578 3797 ante
603 3741 788 3814 profundum
802 3759 904 3800 coram
917 3744 959 3800 eis

126 3814 296 3945 margarete
306 3809 684 3950 iffggriosfflumbmtme
697 3816 959 3873 canticumeorum

236 3919 241 3929 .
398 3897 427 3937 ia
521 3898 574 3938 rna
599 3900 638 3939 a.

164 3948 276 4003 CAPUT
290 3950 368 4005 llllll.
390 3982 424 3994 -
446 3952 485 4006 De
499 3954 577 4024 uqiir'r
592 3954 739 4011 indulcatae
753 3957 781 4011 i'ii
795 3958 922 4014 Meroth.

167 4016 238 4073 lnde
272 4034 304 4074 er
332 4020 500 4077 iniecundm
519 4025 622 4080 avium
638 4026 667 4081 di
691 4028 765 4082 ressi
781 4028 960 4096 solitudinis,

133 4088 224 4144 trium
246 4034 363 4174 Siarum
378 4094 519 4149 continuo
543 4094 655 4165 fatigati
671 4041 794 4163 ίἳεεετε,
809 4102 960 4171 querulosi

129 4161 237 4216 ardore
250 4167 326 4227 sitis,
342 4179 373 4219 in
388 4165 501 4221 harath
516 4181 612 4240 aquas
624 4168 827 4226 amarissimas
841 4171 959 4228 invene·

130 4238 199 4288 runt
214 4249 220 4299 ;
235 4249 363 4306 quarum
380 4235 512 4292 salsitate
528 4238 678 4309 prohibiti,
694 4256 756 4295 siria
772 4242 835 4297 sitis
849 4244 960 4302 hahere

131 4303 266 4360 solamen
292 4306 415 4363 minime
430 4307 598 4365 valuerunt.
620 4310 676 4367 Sed
692 4314 735 4368 lto
759 4313 782 4368 si
797 4329 815 4369 a
831 4314 959 4372 Domino

130 4328 897 4457 lignumostenditur,cujustaotuamaraiiiiminisa
922 4402 961 4445 iia

129 4447 321 4529 iriiluloatur;
335 4449 460 4522 ejusque
474 4450 584 4508 dehinc
597 4453 676 4509 dulci
704 4471 812 4525 sapore
827 4402 959 4530 popiiius

129 4524 192 4573 sitis
204 4518 344 4575 ardorem
353 4521 510 4592 depotatus
520 4523 668 4595 deposuit,
705 4542 772 4583 irem
785 4527 898 4584 illuciis
924 4545 959 4586 ue

129 4588 346 4671 incessabiliter
357 4591 454 4648 servor
468 4593 669 4667 fatigavitOEs
705 4614 768 4664 .xv,
779 4602 884 4667 ωδ).
900 4544 958 4657 god

128 4658 255 4730 qualiter
270 4666 383 4720 naturai
405 4664 597 4736 investigator
615 4669 790 4726 naturaliter
818 4687 884 4726 esse
898 4671 962 4728 iac·

129 4733 200 4811 tiim⁶
208 4731 399 4802 approbabit,
415 4736 498 4808 quod
522 4754 634 4794 amaria
648 4755 735 4812 aquae
751 4742 779 4795 iii
807 4750 960 4800 momento

130 4800 201 4868 ligni
214 4806 326 4859 attactu
340 4807 475 4874 protinus
490 4806 706 4865 indulcantur?
719 4812 809 4882 Cujus
824 4829 894 4882 ergo
909 4831 961 4871 na-

132 4876 206 4929 tura
222 4877 272 4929 aut
288 4879 377 4931 tantae
393 4876 560 4934 dulcedinis
588 4880 702 4949 lignum
718 4882 812 4939 luisse
833 4885 958 4953 videtur,

129 4959 192 5016 quo
201 4943 293 5001 semel
306 4946 429 5004 intincta
440 4948 572 5006 fluminis
585 4952 667 5008 unda
678 4955 877 5022 amarissima,
894 4971 961 5013 sira-

130 5016 175 5071 vis
191 5020 218 5072 et
231 5015 337 5088 sapida
350 5018 381 5074 fit
396 5018 410 5074 i
425 5022 554 5076 Etenim
581 5022 605 5076 si
619 5021 722 5079 favum
744 5024 839 5081 mellis
852 5027 960 5101 aliquis

129 5101 211 5142 nunc
226 5087 255 5143 in
271 5104 408 5145 amaram
423 5090 538 5147 undam
558 5093 670 5163 jecerit,
688 5110 788 5151 nonne
802 5099 901 5166 potius
919 5099 961 5157 ia·

130 5172 188 5212 vus
202 5173 334 5227 amarus,
361 5175 453 5232 quam
471 5162 551 5218 uiida
575 5165 682 5236 sapida
694 5167 774 5223 erit?
790 5170 830 5225 Ex
844 5185 905 5242 quo
917 5171 960 5227 in·

131 5228 278 5299 telligitur,
296 5246 357 5288 non
369 5238 438 5289 tunc
454 5230 570 5360 lignum
580 5241 684 5293 contra
698 5244 836 5297 naturam
847 5258 959 5314 aquam

131 5298 264 5358 effecisse
279 5303 398 5360 dulcem
414 5321 420 5367 ;
435 5320 466 5360 se
504 5313 655 5381 praecepto
670 5310 832 5368 conditoris
855 5319 882 5369 et
910 5330 961 5372 nii·

131 5373 205 5426 tiriae
219 5374 427 5443 gubernatoris
443 5376 598 5449 lympham
612 5382 736 5438 mutavit
751 5383 779 5438 in
801 5400 955 5456 saporam.

132 5441 205 5520 Num
222 5445 339 5511 atvirga
357 5446 405 5503 illa
419 5464 480 5520 qua
494 5465 511 5505 a
527 5453 625 5524 Moyse
639 5469 722 5508 maie
738 5455 872 5512 Rubrum
893 5473 957 5528 ρετ-

132 5515 250 5578 cutitur,
268 5519 295 5570 et
310 5516 421 5574 ilumeri
437 5526 465 5577 et
490 5521 597 5579 ccelum
622 5530 650 5581 et
666 5529 743 5581 terra
758 5525 958 5599 flagellantur,

130 5704 136 5717 ,
164 5662 199 5723 lot
217 5660 303 5721 Forte,
321 5666 429 5731 rtqeirte.

1004 2107 1163 2178 invenitur,
1180 2121 1240 2162 non
1253 2103 1370 2161 aliunde
1385 2103 1415 2158 in
1429 2100 1568 2157 eamdem
1583 2113 1637 2170 ρετ
1652 2095 1839 2179 industriam

1008 2194 1041 2234 eir
1068 2177 1164 2235 aliena
1179 2182 1287 2234 ustura
1300 2173 1495 2238 conducitur;
1520 2169 1656 2226 sederim
1678 2183 1710 2224 in
1726 2173 1841 2250 nataris

1007 2249 1110 2307 abdito
1124 2264 1242 2306 recessu
1256 2245 1432 2310 occultatur,
1444 2242 1528 2317 prius
1540 2239 1761 2324 bocperplexit
1771 2245 1841 2297 tem·

1008 2321 1252 2394 porisindustria,
1266 2317 1422 2376 etalterius
1430 2320 1543 2372 naturae
1552 2312 1770 2383 adiumentum
1778 2311 1841 2367 red·

1007 2393 1060 2449 dit.
1078 2395 1110 2448 Et
1124 2391 1206 2465 quod
1221 2389 1453 2463 perhumanum
1466 2401 1517 2442 seu
1533 2385 1623 2466 etiam
1636 2397 1743 2438 rerum
1754 2381 1840 2439 edac-

1008 2469 1071 2521 tuni
1088 2462 1136 2519 lon
1160 2479 1178 2519 ο
1193 2462 1273 2518 cultu
1287 2459 1416 2518 efficitur
1432 2474 1439 2525 ;
1457 2458 1514 2512 boc
1528 2458 1576 2512 liei
1588 2454 1760 2523 voluntate,
1774 2468 1840 2509 cum

1008 2550 1129 2591 necesse
1140 2479 1246 2600 habet,
1261 2535 1328 2604 ipsa
1341 2537 1450 2586 natura
1461 2532 1623 2610 operatur..
1632 2528 1740 2651 aguas
1752 2526 1841 2596 igitur

1008 2621 1138 2672 amaras,
1155 2606 1201 2661 vel
1216 2607 1306 2660 etiam
1322 2603 1403 2730 ipsas
1418 2599 1601 2657 salsissimas
1615 2612 1646 2652 in
1683 2596 1784 2651 iilcam
1797 2610 1843 2652 sa·

1008 2693 1113 2750 porem
1128 2678 1198 2733 verti
1212 2691 1310 2749 posse,
1338 2676 1496 2746 requenter
1510 2675 1609 2726 neutra
1624 2667 1841 2739 comprobant,

1008 2749 1060 2822 qui
1072 2748 1137 2804 illas
1152 2764 1206 2820 ρετ
1220 2748 1347 2803 humum
1363 2745 1485 2817 optimae
1499 2748 1583 2823 terrra
1594 2738 1726 2822 infusas,
1745 2743 1775 2794 et
1787 2738 1843 2795 hoc

1009 2819 1134 2877 artificio
1146 2821 1238 2876 etiam
1263 2816 1443 2881 indulcatas,
1460 2828 1538 2885 saepe
1554 2816 1632 2868 sitim
1661 2814 1841 2882 temperant

1008 2891 1109 2949 Nubes
1134 2905 1256 2963 quoque
1275 2892 1313 2945 de
1328 2887 1454 2945 marinis
1469 2884 1577 2941 finibus
1600 2897 1731 2955 vapores
1746 2881 1843 2939 levant

1009 2963 1080 3020 salsi
1094 2961 1229 3035 liquoris,
1246 2962 1297 3018 sed
1312 2961 1434 3017 easdem
1450 2957 1564 3038 dulces,
1580 2952 1707 3026 quando
1724 2952 1840 3037 pluunt,

1010 3035 1133 3092 terrenis
1146 3034 1250 3090 usibus
1264 3032 1440 3088 ministrant.
1458 3030 1605 3094 Quoniam
1623 3024 1792 3096 salsuginis
1804 3039 1841 3080 ri-

1008 3104 1172 3179 tiuuiquod
1182 3107 1210 3162 in
1222 3103 1389 3176 semetipsis
1399 3117 1487 3183 aquas
1502 3099 1625 3156 insitum
1639 3098 1780 3179 capiunt,
1789 3110 1839 3179 ρετ

1008 3177 1188 3234 inlusionem
1203 3181 1287 3233 terrae
1299 3179 1352 3231 aut
1367 3173 1493 3229 nubium
1512 3170 1551 3226 de
1573 3171 1673 3224 onunt
1703 3167 1841 3224 Simihter

1008 3264 1131 3332 quoque
1146 3254 1175 3305 et
1188 3247 1291 3304 dulces
1306 3262 1403 3318 aquae,
1415 3185 1701 3324 cumeashomines
1714 3254 1770 3311 ρετ
1780 3254 1839 3295 ma·

1008 3335 1144 3376 rinorum
1159 3318 1273 3376 olerum
1287 3319 1401 3374 cineres
1412 3316 1564 3377 hauriunt,
1585 3311 1701 3366 salsum
1716 3316 1747 3392 et
1762 3309 1839 3381 plus·

1009 3407 1101 3464 quam
1116 3391 1225 3448 Oceani
1240 3405 1380 3462 saporem
1395 3387 1532 3443 reddunt.
1547 3386 1629 3439 llanc
1640 3396 1717 3453 ergo
1728 3397 1836 3439 immu-

1012 3462 1155 3519 tationem
1171 3461 1293 3517 insitam
1321 3459 1378 3516 sibi
1406 3455 1580 3536 naturaliter
1592 3469 1681 3536 aquai
1705 3453 1837 3515 habent;

1012 3533 1065 3589 sed
1077 3533 1200 3589 celerius
1209 3548 1262 3604 per
1271 3536 1452 3606 praecaptum
1465 3527 1628 3609 conditoris
1640 3524 1738 3607 illam,
1750 3540 1837 3597 quani

1012 3620 1065 3678 per
1075 3604 1240 3661 efficaciam
1259 3603 1403 3660 humanat
1417 3601 1576 3670 diligentiae
1591 3600 1620 3652 et
1643 3612 1788 3679 ipsarum
1800 3610 1838 3677 τε

1011 3693 1078 3734 τετε
1094 3674 1318 3732 ministrationis
1328 3674 1478 3731 exhibent.
1495 3673 1548 3727 Per
1565 3666 1692 3726 alterius
1706 3682 1788 3750 enim
1802 3682 1839 3723 rai

1012 3748 1221 3820 adjumentum
1235 3747 1372 3803 bumana
1386 3742 1548 3815 diligentia,
1557 3739 1604 3796 vel
1617 3739 1625 3795 i
1650 3755 1686 3821 sa
1698 3752 1840 3811 cujusque

1012 3820 1054 3876 rei
1067 3820 1253 3884 ministratio,
1266 3817 1394 3889 alicujus
1403 3821 1616 3883 naturmsuper
1639 3826 1719 3867 orem
1733 3814 1839 3875 mutati

1013 3891 1077 3965 ipse
1093 3905 1162 3947 vero
1176 3896 1379 3947 creaturarum
1392 3887 1528 3944 conditor
1539 3887 1568 3939 et
1581 3881 1780 3965 gubernator,
1795 3895 1841 3938 na·

1012 3967 1110 4019 turam
1126 3962 1286 4027 occultam,
1297 3977 1365 4033 quae
1378 3975 1431 4031 ρετ
1440 3958 1530 4015 aliam
1545 3970 1607 4011 rem
1620 3952 1842 4011 manifestanda

1012 4035 1104 4099 lieret,
1121 4034 1150 4089 iri
1164 4050 1195 4089 τε
1208 4034 1274 4115 ipsa
1288 4034 1352 4089 sola
1361 4030 1504 4087 denudat.
1515 4027 1595 4085 Sicut
1607 4030 1637 4082 et
1647 4040 1732 4081 nunc
1743 4039 1843 4081 amara

1013 4103 1300 4178 aquadulcedinem
1325 4119 1418 4176 quam
1443 4103 1472 4156 in
1499 4098 1616 4156 occulto
1645 4111 1713 4154 sure
1733 4102 1842 4179 natqrra

1013 4177 1211 4240 continuerat,
1220 4191 1272 4248 ρετ
1282 4174 1467 4232 humumaut
1475 4167 1841 4227 nubamabamaritndinc

1013 4253 1152 4321 purgata,
1167 4247 1352 4313 ostenderet;
1364 4246 1404 4302 ita
1415 4245 1500 4317 jussu
1511 4240 1727 4314 gubernatoris
1742 4244 1844 4325 ρεῑειτ·Ι

1013 4320 1120 4377 tissimi
1136 4325 1311 4376 naturarum
1323 4333 1376 4391 per
1390 4333 1422 4373 se
1433 4315 1530 4371 solam
1540 4312 1657 4384 absque
1671 4311 1797 4368 alterius
1806 4324 1844 4367 rat

1012 4391 1169 4462 juvamine
1184 4389 1316 4446 exhibet.

1068 4463 1180 4519 CAPUT
1194 4461 1299 4517 xxiii.
1314 4490 1348 4501 -
1360 4459 1399 4515 De
1417 4472 1517 4513 monuo
1538 4454 1650 4527 praeite
1669 4452 1703 4535 de
1716 4454 1794 4511 coeto.

1050 4533 1175 4601 ingressi
1189 4549 1261 4604 ergo
1272 4530 1473 4593 solitudinem,
1489 4528 1578 4600 hujus
1588 4523 1695 4597 populi
1707 4528 1844 4583 sexcenta

1015 4604 1106 4660 terme
1122 4603 1213 4662 millia
1225 4606 1357 4675 peditum
1374 4602 1726 4680 pugnatorumexcepto
1738 4610 1842 4679 purga·

1015 4679 1116 4732 mento
1132 4677 1288 4740 exercitus,
1303 4674 1332 4730 id
1349 4680 1392 4729 est
1405 4669 1614 4728 innumerabili
1625 4672 1655 4723 et
1670 4680 1842 4741 promiscuo

1015 4747 1105 4819 vulgo
1120 4747 1202 4820 quod
1212 4749 1250 4803 de
1266 4750 1392 4819 AEgypto
1402 4741 1617 4799 conscenderat
1628 4739 1733 4821 (deod.
1744 4738 1843 4803 xir,³i,

1015 4820 1070 4890 38),
1085 4821 1160 4874 heus
1170 4833 1326 4888 perannos
1362 4814 1671 4885 uadragintamanna‚
1686 4810 1717 4866 id
1730 4818 1843 4876 est,coe·

1013 4889 1079 4947 lesti
1093 4906 1171 4963 parra
1184 4889 1328 4946 saturavit
1338 4833 1394 4959 (ἀεὶ.
1422 4902 1481 4952 xvi,
1497 4886 1541 4950 lt,
1560 4884 1642 4955 sqq).
1658 4882 1792 4955 Denique
1809 4879 1842 4935 dc

1015 4960 1065 5017 illo
1080 4977 1158 5032 pane
1170 4964 1198 5017 et
1213 4960 1368 5016 Psalmista
1383 4956 1578 5029 postmodum
1600 4966 1843 5010 commemorans

1015 5033 1098 5097 divit,
1110 5033 1212 5089 Pcirerir
1228 5031 1292 5089 coeli'
1300 5031 1374 5087 dedit
1385 5031 1434 5094 eir,
1449 5044 1543 5100 ponem
1557 5025 1728 5097 asperorum
1738 5021 1842 5080 maiade-

1015 5105 1086 5159 coeit
1106 5104 1181 5159 boitro
1195 5103 1277 5167 (Pici.
1293 5118 1400 5167 ixxvir,
1414 5104 1471 5165 εδ).
1485 5098 1540 5165 Oui
1554 5113 1607 5168 per
1632 5100 1756 5153 noctem
1771 5108 1843 5152 sein·

1015 5190 1078 5247 per,
1095 5180 1218 5246 excepta
1234 5180 1320 5232 nocte
1335 5172 1464 5237 sabbati,
1481 5186 1550 5226 cum
1566 5183 1636 5251 rora
1647 5166 1842 5229 descendens,

1015 5246 1095 5302 circa
1105 5252 1272 5302 castrorum
1283 5247 1381 5302 locum
1395 5243 1558 5299 candorem
1574 5238 1843 5320 nivisostenderet.

1015 5319 1086 5374 Erat
1098 5320 1180 5381 eiri'iii,
1192 5317 1289 5389 inquit
1300 5317 1461 5388 Scriptura,
1471 5312 1550 5386 qiicsi
1561 5326 1648 5367 recrea
1657 5310 1811 5371 mrioadrr,
1820 5310 1845 5362 et

1015 5389 1112 5445 coloris
1124 5388 1225 5452 bdellii,
1241 5389 1333 5445 athrim
1348 5386 1428 5460 quoti
1441 5387 1492 5441 iiic
1506 5385 1589 5445 tli'riirr
1614 5398 1655 5446 xi,
1667 5382 1686 5435 7
1702 5423 1709 5437 .
1725 5384 1785 5463 lloc
1797 5395 1846 5435 aii·

1015 5465 1074 5516 tein
1089 5459 1160 5515 solis
1175 5466 1272 5516 ortum
1285 5459 1406 5515 sulierre
1421 5472 1480 5513 non
1495 5457 1622 5526 poterat,
1639 5468 1653 5508 ι
1703 5456 1845 5509 continuo

1015 5531 1202 5603 iiqiieiiebat;
1214 5547 1283 5588 cum
1299 5546 1385 5586 versa
1400 5529 1463 5585 vice
1473 5525 1631 5585 collectum
1644 5528 1674 5580 et
1689 5523 1770 5581 mola
1780 5534 1846 5579 con-

1016 5604 1154 5667 tractum,
1169 5603 1200 5659 in
1215 5603 1377 5675 coquendis
1392 5600 1521 5674 panibus
1535 5595 1614 5681 ignis
1628 5594 1771 5681 ardorem
1784 5608 1847 5650 xus·

1015 5674 1159 5737 tentabat.
1171 5674 1204 5732 Et
1216 5675 1316 5749 siquis
1329 5673 1360 5731 in
1368 5686 1459 5730 mana
1472 5669 1595 5731 alterius
1605 5666 1676 5737 diei,
1688 5665 1845 5727 rotmanni
