3952 6150
97 194 177 258 1'ii'i
698 188 931 255 uetustius
951 190 1054 255 xilv.
1077 192 1206 257 CAPUT
1226 194 1278 259 lx.
1783 204 1861 268 itte

94 334 171 400 eret,
181 328 312 389 nondum
327 327 445 385 videnti.
458 325 506 384 Sic
521 340 679 399 ponamus,
690 326 806 398 iratres,
818 331 958 400 tanquam
1011 333 1069 387 Deo
1079 332 1093 386 i
1103 330 1183 404 Nega
1198 334 1277 406 quod
1287 336 1437 410 accepisti.
1451 337 1511 396 iioo
1523 338 1609 412 piene
1621 357 1677 399 non
1694 343 1867 418 estgioriam

92 420 175 478 iilam
199 419 403 477 inunctionem
427 417 458 474 iu
478 415 576 473 animo
601 415 747 475 hebuerit.
762 416 915 485 Praedicet,
929 419 959 474 et
1011 417 1217 491 Deodere,scd
1228 423 1320 481 Deum
1332 425 1429 497 potius
1440 425 1645 501 blasphemare
1657 431 1705 498 Du,
1718 432 1865 507 inquiunt,

94 510 190 570 nescit
206 525 293 583 quem
309 507 457 581 predicat.
1010 508 1128 580 pierium
1139 513 1262 569 Druides
1272 516 1373 572 scimus
1383 518 1593 589 quintuicdomo
1601 523 1868 591 percurrerimus}

127 603 155 659 9.
167 621 184 653 ιι
199 600 359 658 auduouut
370 597 482 656 eumad
493 596 667 668 Pharisaeos,
680 596 731 670 qui
742 613 835 655 crocus
851 596 956 654 iuerat.
1011 614 1076 669 erqo
1087 598 1139 658 itte
1148 601 1200 659 :si
1210 609 1337 676 peccator
1346 611 1397 671 esi,
1407 608 1518 670 medo:
1534 625 1621 665 uuum
1630 611 1696 677 scio,
1708 611 1869 682 quiucrecus

94 693 162 750 Erat
187 700 288 749 autem
302 689 459 747 sabbatum
485 688 601 759 quando
616 687 710 744 totum
736 687 804 744 iecit
817 685 915 755 iesus.
930 700 959 754 ee
1011 705 1073 747 cum
1085 707 1181 763 essem,
1196 694 1276 751 modu
1299 697 1385 755 uideo.
1401 698 1535 755 dicerunt
1549 714 1613 771 erqo
1636 700 1681 757 itii
1694 720 1706 759 .·
1721 701 1792 770 Quid
1804 703 1871 772 iecit

95 780 214 858 speruit
228 777 327 839 oculos
349 779 425 851 ejus.
442 778 550 834 lterum
574 792 643 850 ergo
658 776 878 850 interrogabant
892 790 959 833 eum
1011 779 1085 836 iiii?
1097 785 1232 854 quomodo
1246 788 1358 856 operuit
1373 786 1425 843 iiii
1441 788 1555 846 ocutos?
1570 789 1606 845 iit
1618 788 1667 847 iiie
1683 791 1746 862 ium
1761 799 1871 850 stome-

95 870 232 931 Pirarisei
247 869 394 943 quomodo
408 867 539 925 vidisset.
551 865 601 924 iiie
623 871 721 924 entem
737 866 808 924 dixit
823 865 884 924 eis:
901 865 959 923 Lu·
1011 868 1103 928 chene
1118 872 1257 930 adsersus
1277 875 1412 933 duritiam
1427 877 1605 940 iudeorum.
1621 882 1650 935 et
1665 895 1700 936 ex
1723 895 1799 938 cerco
1826 868 1875 941 ri·¹

94 965 158 1021 tum
174 960 274 1034 posuit
285 958 359 1016 mihi
373 973 462 1032 super
476 956 589 1026 oculos,
600 963 628 1015 et
639 956 709 1027 iaui,
719 960 749 1014 et
764 956 858 1014 rideo.
875 954 958 1013 Dice·
1012 958 1097 1031 dena,
1108 977 1166 1019 non
1182 962 1277 1021 iercns
1290 980 1392 1035 cecos,
1403 967 1545 1039 respondit
1555 968 1614 1024 eis:
1630 968 1766 1041 Dixijoru
1781 970 1868 1040 uotis,

92 1053 165 1109 bant
184 1067 254 1126 ergo
267 1066 303 1108 ex
325 1047 483 1107 Pharisaeia
509 1047 641 1123 quidem.
657 1069 673 1099 s
688 1047 751 1105 Non
777 1062 892 1115 omnes,
907 1045 956 1103 sed
1011 1056 1037 1106 ci
1051 1049 1168 1107 audistis
1176 1067 1187 1118 ,·
1200 1054 1266 1125 quid
1280 1056 1383 1112 iterum
1398 1056 1480 1113 cattis
1494 1057 1616 1115 audire?
1629 1060 1767 1132 Numquid
1784 1064 1811 1118 et
1824 1076 1870 1118 uos

92 1141 216 1217 quidam
229 1155 236 1197 :
250 1140 315 1213 ism
330 1138 409 1195 euim
421 1137 642 1211 inungebantur
656 1136 790 1209 quidam.
802 1135 877 1203 Quid
889 1150 957 1207 ergo
1011 1138 1095 1195 sutria
1118 1141 1250 1214 disciputi
1266 1144 1325 1216 ejus
1348 1146 1434 1217 fieri?
1444 1146 1516 1212 Quid
1539 1151 1594 1218 est,
1608 1148 1746 1222 Numquid
1766 1154 1792 1207 et
1810 1166 1867 1218 uos,

92 1232 240 1300 dicebaut,
252 1245 306 1286 neo
320 1228 467 1297 uidentes,
479 1241 533 1285 uec
548 1226 685 1283 inuncti?
696 1224 753 1281 iton
768 1230 806 1281 est
817 1223 861 1281 dic
875 1223 957 1281 mmo
1012 1229 1078 1300 nisi,
1094 1230 1163 1301 quia
1176 1247 1230 1304 ego
1241 1234 1304 1305 jum
1322 1237 1412 1291 sumt
1425 1236 1565 1309 Numquid
1578 1242 1605 1295 et
1619 1253 1664 1296 uos
1681 1238 1868 1301 vultisiiem

93 1323 192 1388 aDsu,
207 1323 256 1394 qui
272 1318 418 1377 mutatum
432 1331 488 1374 nou
512 1316 640 1374 uutodit.
663 1317 729 1389 Ipse
744 1315 841 1389 potius
856 1321 957 1371 custo·
1011 1317 1105 1390 uideo,
1121 1320 1172 1376 sed
1188 1338 1247 1379 uon
1262 1323 1387 1381 invideo.

93 1402 956 1486 diabet,quisinepeeoetoeret.Sabbatumenimspirituaie¹
1048 1408 1091 1466 12.
1108 1408 1311 1469 iirrtedircruut
1326 1416 1362 1483 ei,
1377 1418 1403 1471 ct
1415 1413 1569 1473 timerent:
1587 1418 1624 1474 iu
1637 1417 1792 1491 disciputus
1810 1419 1870 1493 eiua

94 1502 152 1559 hoc
165 1506 221 1566 cat,
238 1514 295 1556 non
312 1499 419 1556 hebere
434 1501 600 1570 peccatum.
617 1496 757 1567 Denique,
773 1495 889 1562 iratres,
902 1494 958 1551 hoc
1010 1498 1058 1554 sis.
1074 1498 1143 1556 Tale
1162 1501 1351 1561 maledictum
1372 1521 1459 1576 super
1474 1522 1538 1575 noe,
1555 1510 1584 1563 et
1607 1523 1695 1579 super
1716 1507 1792 1565 iiiios
1814 1524 1868 1565 no·

94 1594 235 1651 admonet
248 1587 462 1662 Deus,qoendo
478 1585 662 1645 commendat
677 1585 853 1642 sabbatum:
871 1582 959 1641 Omne
1012 1592 1098 1646 atros.
1115 1589 1297 1650 Maledictum
1323 1595 1401 1652 enim
1421 1601 1475 1664 est,
1491 1597 1516 1653 ei
1532 1611 1582 1653 cor
1601 1597 1753 1669 discuties,
1769 1615 1827 1657 nou
1843 1599 1869 1657 ei

92 1701 163 1759 epus
184 1681 285 1740 servite
306 1696 361 1738 noa
385 1679 494 1752 fecistis
517 1678 614 1752 (Dru.
637 1675 772 1748 u111,8).
799 1675 864 1733 Heu
889 1683 959 1733 eunt
1012 1678 1098 1737 uerba
1113 1684 1285 1755 perpendae.
1301 1686 1353 1743 iios
1376 1693 1471 1744 cutem
1496 1686 1731 1761 doyaidisciputi
1748 1705 1868 1749 sumas:

93 1775 186 1835 serbe
197 1773 248 1832 Dei
263 1770 418 1830 sabbatum
443 1767 678 1826 commendantia
692 1784 699 1824 ι
715 1768 800 1825 Omne
821 1782 887 1840 opus
901 1780 959 1824 aar·
1012 1785 1059 1827 uua
1073 1772 1174 1827 scimus
1185 1775 1251 1844 quio
1265 1773 1348 1846 douai
1358 1777 1465 1833 locutus
1478 1786 1518 1834 cat
1528 1779 1610 1840 Deus.
1623 1779 1707 1837 istum
1721 1784 1869 1837 autemna-

94 1870 152 1927 uiie
164 1883 221 1924 mos
236 1864 353 1938 [muru.
364 1865 428 1920 iem
444 1861 611 1935 superiores
621 1860 760 1918 lectiones
772 1859 957 1931 interrogare,
1010 1861 1110 1917 scimus
1123 1862 1195 1920 uude
1208 1863 1256 1921 sir.
1268 1864 1385 1925 Utinam
1401 1868 1513 1926 sciretis
1522 1868 1591 1942 quio
1605 1869 1693 1940 douai
1709 1870 1815 1929 loeutus
1827 1872 1868 1928 eat

96 1961 171 2036 quid
195 1959 237 2018 ait
251 1973 326 2031 opus
349 1954 455 2013 seruile
469 1954 568 2025 (irad.
581 1954 629 2022 20,
645 1970 675 2011 u.
691 1952 741 2025 2);
757 1956 786 2009 et
798 1952 957 2009 Dominum
1011 1951 1102 2015 Deua:
1115 1951 1229 2011 sciretis
1246 1957 1314 2028 quie
1328 1973 1379 2030 per
1394 1957 1513 2032 Moysen
1530 1958 1703 2031 predicetur
1717 1965 1762 2018 est
1777 1963 1864 2019 Deus.

94 2051 209 2117 audite,
234 2046 330 2106 Omnia
354 2045 403 2119 qui
424 2046 492 2115 fucit
513 2049 773 2116 peccatum,seruus
792 2044 831 2099 est
854 2041 959 2110 percuu
1011 2041 1221 2101 Habetisenim
1231 2044 1387 2104 Dominum
1403 2048 1602 2117 dicentem-ii
1615 2049 1762 2107 crederetis
1771 2050 1867 2126 drusi,

96 2143 191 2213 (donn.
207 2154 271 2207 uus,
286 2136 344 2209 et).
355 2133 411 2192 Sed
426 2133 474 2192 isti
491 2150 544 2190 nac
560 2133 703 2201 videntes,
716 2136 748 2189 ut
763 2131 834 2197 disi,
847 2147 899 2190 neo
914 2132 959 2189 in·
1011 2130 1155 2190 crederetis
1163 2140 1190 2190 et
1198 2133 1288 2199 midi,·
1303 2137 1337 2193 de
1347 2152 1390 2194 me
1399 2140 1473 2195 enim
1484 2139 1533 2196 itis
1543 2139 1658 2210 scripsit
1667 2141 1758 2210 (doura.
1770 2158 1797 2209 u,
1809 2140 1866 2214 tu).

99 2230 193 2300 uncti,
209 2227 366 2286 sabbatum
382 2223 539 2282 carnaliter
551 2222 757 2291 observabant,
769 2219 960 2295 spiritualiter
1013 2223 1092 2280 itane
1113 2223 1271 2296 sequimini
1295 2241 1423 2297 servum,
1440 2233 1469 2286 et
1491 2229 1610 2286 dorsum
1635 2229 1744 2301 ponitis
1766 2233 1868 2287 contre

99 2319 262 2378 viciabant.
276 2316 335 2375 diii
349 2314 476 2373 recussu
489 2331 498 2371 :
514 2312 658 2387 Quomodo
670 2315 757 2385 potest
771 2312 850 2369 dumo
863 2326 958 2383 paces·
1012 2311 1192 2371 Dominum?
1206 2315 1262 2373 Sed
1278 2332 1331 2374 neo
1343 2334 1459 2376 seruum
1483 2321 1658 2393 sequimini:
1677 2336 1743 2378 nem
1764 2334 1815 2393 per
1828 2318 1867 2376 ii·

97 2420 142 2470 tor·
155 2410 216 2468 troec
228 2411 307 2480 dqau
324 2404 526 2478 {eremiticae
551 2407 622 2461 sunt
644 2401 767 2460 inuncti.
783 2402 818 2459 iit
840 2401 960 2458 schisma
1012 2402 1074 2461 ium
1090 2404 1127 2459 ed
1142 2405 1297 2464 Dominum
1313 2407 1503 2466 duceremini.

101 2504 167 2559 erut
177 2500 208 2556 ιἰι
221 2499 273 2555 eis.
283 2496 353 2553 Dies
367 2493 416 2552 iiie
427 2494 566 2551 diviserat
580 2491 761 2549 interiorem
778 2496 804 2548 ei
814 2491 958 2547 tenebras.
1049 2495 1092 2550 13.
1110 2495 1256 2568 Respondit
1266 2497 1315 2555 itte
1328 2497 1420 2566 tomo,
1448 2510 1475 2557 et
1489 2501 1564 2558 drmit
1578 2501 1639 2560 eis:
1654 2506 1688 2559 m
1702 2500 1752 2558 doc
1775 2499 1865 2557 miru-

102 2590 207 2648 Diurut
222 2602 287 2660 erqo
300 2600 371 2645 coece
391 2588 514 2642 iterum
530 2585 565 2640 Tu
580 2581 647 2655 quid
660 2581 730 2639 dicis
742 2581 776 2638 da
789 2597 821 2639 eo
834 2582 883 2654 qui
894 2595 960 2652 upe-
1014 2585 1465 2660 iiieest,quiauosrrescitisunda
1474 2591 1871 2664 sit,etnpcruitoeutosmcca.

100 2679 162 2738 ruit
169 2678 262 2737 ccutm
275 2679 358 2734 tuos?
374 2674 447 2742 Quid
460 2675 497 2731 de
510 2672 561 2732 iiio
576 2671 689 2732 sentisi
703 2674 773 2746 quid
785 2670 960 2729 existimas?
1014 2675 1119 2733 summ
1131 2681 1222 2735 uutsm
1247 2680 1314 2750 quio
1326 2685 1479 2750 peccatores
1503 2686 1575 2738 Deus
1598 2697 1655 2738 nou
1674 2681 1770 2744 cudit:
1784 2680 1831 2738 sed
1845 2682 1872 2738 si
1963 2680 1969 2691 “

101 2771 172 2843 quid
184 2767 327 2843 judione?
341 2767 515 2834 Quaerebant
527 2764 776 2838 quemadmodum
786 2763 900 2821 homini
916 2778 961 2819 ca·
1014 2768 1075 2838 quis
1090 2768 1136 2823 Dei
1145 2768 1236 2825 cuites·
1249 2775 1337 2838 est,ei
1351 2769 1680 2844 edisserendoque,
1690 2772 1764 2828 dunc
1777 2786 1865 2828 cusu·

99 2859 306 2928 tumniaretur,
315 2862 347 2914 ut
361 2858 397 2914 do
412 2872 561 2929 synagoge
576 2855 741 2928 pelleretur,
753 2853 833 2911 seda
847 2852 960 2910 Christo
1013 2855 1065 2912 dit.
1089 2857 1190 2913 Adhuc
1214 2857 1354 2916 inunctus
1386 2859 1527 2933 loquitur.
1551 2862 1624 2918 Nam
1650 2867 1680 2919 et
1703 2868 1869 2935 peccatores

102 2951 291 3009 inueniretur.
308 2947 364 3006 Sed
389 2945 439 3003 iiie
458 2950 625 3004 constanter
649 2945 727 3017 quod
753 2942 896 3001 sentiebat
909 2957 961 2999 ex-
1013 2946 1131 3002 exaudit
1146 2950 1232 3004 Deus.
1248 2947 1278 3003 Si
1289 2948 1367 3005 euim
1390 2954 1555 3020 peccatores
1570 2949 1647 3007 Deus
1671 2967 1729 3008 non
1751 2950 1871 3008 exaudi·

101 3040 219 3114 pressit.
235 3037 284 3096 nit
297 3036 377 3094 enim
393 3053 401 3093 z
418 3036 489 3105 Quia
512 3036 646 3108 propheta
660 3040 711 3091 est.
723 3032 826 3089 Adhuc
842 3033 959 3104 quidem
1014 3035 1182 3105 ret,irustra
1192 3034 1241 3092 ilie
1251 3037 1428 3095 Publicanos
1448 3039 1581 3096 oouiosin
1595 3045 1701 3098 terram
1713 3040 1869 3098 demittens

98 3130 280 3189 inunctosin
295 3128 393 3198 corde,
403 3127 536 3184 noudum
547 3126 598 3182 Dei
609 3125 715 3181 Filium
727 3124 893 3192 confltetur,
906 3138 960 3180 nec
1013 3129 1043 3180 et
1056 3133 1156 3196 peetus
1170 3141 1257 3182 suum
1274 3128 1440 3198 percutiens
1455 3129 1574 3197 diceret,
1586 3130 1869 3203 Dominerpropitrua

98 3221 244 3279 mentitur
258 3227 363 3275 tamen.
382 3220 446 3288 ipae
469 3216 545 3273 enim
561 3214 705 3273 Dominus
730 3216 766 3271 de
779 3213 875 3284 seipso
895 3212 934 3270 ait
951 3224 959 3265 τ
1013 3218 1069 3271 esto
1083 3214 1154 3270 midi
1166 3218 1312 3288 mrcatori.
1329 3216 1363 3272 Di
1377 3217 1432 3274 isto
1448 3217 1593 3274 consessio
1609 3220 1716 3276 meruit
1727 3220 1871 3290 Justiiice·

98 3312 159 3370 Ren
184 3312 224 3367 est
251 3308 385 3380 propicio
412 3308 473 3363 sine
506 3306 618 3376 doecre,
646 3304 704 3361 uisi
732 3305 762 3360 iu
786 3305 884 3375 patria
908 3317 960 3360 acu
1013 3304 1870 3378 tionem,quomodoistecsrcusitiominetionem.dscruto

98 3401 207 3474 (uuirt.
222 3417 286 3469 xru,
300 3399 358 3472 57).
1012 3411 1069 3452 uon
1080 3401 1121 3453 eat
1134 3397 1259 3452 nuditum
1270 3397 1337 3468 quid
1351 3399 1462 3469 operuit
1471 3398 1532 3470 quis
1545 3396 1638 3454 erutos
1648 3401 1713 3454 caeci
1726 3399 1797 3455 uati.
1807 3398 1870 3456 Risi

135 3493 181 3550 tt).
199 3513 213 3542 ιι
231 3490 294 3547 Non
310 3487 499 3546 crediderunt
512 3502 580 3560 ergo
594 3487 686 3543 iudei
701 3488 737 3543 de
755 3485 804 3542 iiio
821 3483 891 3558 quia
904 3501 959 3541 oe·
1012 3491 1081 3542 essct
1096 3484 1169 3542 dicu
1184 3487 1246 3553 Deo,
1262 3501 1319 3542 uon
1339 3493 1448 3556 poterut
1466 3487 1559 3559 secere
1577 3488 1738 3559 quidquam.
1756 3487 1868 3556 Libere,

98 3600 155 3642 cus
171 3581 277 3638 inisset
290 3584 319 3637 et
333 3578 465 3643 vidisset,
482 3579 573 3634 donec
588 3584 724 3634 vocarent
746 3582 881 3649 parentes
895 3576 959 3648 ejua
1013 3580 1193 3643 constanter,
1206 3575 1356 3632 veraciter.
1370 3575 1435 3632 iiuc
1445 3575 1523 3632 enim
1535 3592 1599 3646 qun
1614 3576 1692 3633 iacta
1702 3585 1799 3633 eunte
1813 3576 1868 3635 Do·

98 3672 151 3745 qui
167 3671 281 3727 videret
296 3685 303 3725 ι
320 3690 335 3719 u
350 3668 379 3726 id
403 3672 458 3733 eet,
474 3668 525 3739 qui
550 3683 644 3724 cecus
668 3667 772 3736 iuerat,
787 3670 816 3722 et
838 3663 957 3722 viderat.
1013 3664 1129 3733 miuo,e
1145 3682 1202 3738 quo
1226 3664 1329 3722 flerent
1352 3664 1407 3722 uisi
1422 3682 1439 3723 a
1453 3666 1534 3722 Deo?
1546 3666 1605 3722 Aut
1617 3666 1735 3739 quando
1747 3683 1765 3723 a
1778 3665 1869 3724 dieoi·

98 3782 113 3812 ι
131 3760 169 3817 Di
181 3760 438 3831 interrogaverunt
450 3772 512 3825 eos,
524 3755 671 3814 dicentes:
687 3755 739 3811 iiic
755 3759 800 3811 esi
815 3754 894 3810 iiiiue
908 3768 957 3813 se·
1012 3755 1090 3827 puiis
1101 3754 1172 3812 tolie
1187 3755 1298 3824 iterent,
1315 3755 1372 3812 uisi
1388 3756 1417 3812 in
1432 3757 1475 3812 eis
1490 3756 1631 3813 Dominus
1646 3757 1812 3814 habitaret?

97 3856 169 3921 ster,
179 3864 268 3922 quem
279 3864 329 3905 sos
339 3846 617 3920 dicitisquiacaecue
632 3851 719 3904 natus
731 3847 799 3904 eat?
812 3845 958 3918 quomodo
1048 3845 1092 3900 ii.
1109 3846 1327 3914 Responderunt,
1343 3850 1369 3901 et
1391 3847 1523 3903 dinatum
1537 3847 1564 3902 ei
1574 3863 1583 3903 .·
1594 3848 1627 3903 in
1645 3850 1762 3918 peccatis
1785 3852 1865 3904 nutus

95 3957 167 4014 ergo
182 3954 262 3997 nune
276 3938 378 3995 videt?
392 3937 618 4011 Responderunt
630 3938 674 3994 eia
689 3945 823 4009 parentes
838 3937 914 4007 ejus,
931 3942 959 3993 et
1011 3950 1040 3992 es
1055 3938 1137 3991 totus.
1151 3935 1229 3992 Totus
1244 3936 1310 4007 quid
1327 3936 1481 3992 eutitium
1496 3935 1590 3993 ocutis
1604 3935 1724 3994 cieusie.
1742 3937 1797 3994 Sed
1813 3937 1863 4010 qui

94 4028 235 4085 dixerunt
251 4043 258 4083 :
275 4026 391 4083 Scimus
405 4025 475 4098 quia
496 4024 544 4081 hic
558 4027 602 4081 est
615 4024 696 4080 fliius
721 4032 829 4092 noster,
844 4028 874 4080 et
887 4023 958 4095 quie
1010 4025 1123 4098 aperuit
1138 4025 1248 4094 ocutos,
1260 4025 1354 4083 seirat
1368 4030 1395 4083 ei
1411 4030 1505 4084 totum
1523 4042 1530 4084 :
1546 4027 1610 4100 ipse
1627 4027 1708 4083 dubit
1722 4027 1759 4084 ad
1773 4028 1870 4085 dexte-

94 4134 190 4176 caecus
206 4121 297 4173 notus
311 4119 355 4173 est
366 4131 374 4170 :
386 4114 532 4188 quomodo
548 4119 646 4170 autem
658 4130 737 4171 nuno
753 4113 952 4170 videatneaci-
1008 4130 1070 4171 rem
1087 4117 1340 4185 resurrectionem,
1360 4115 1410 4189 qui
1430 4116 1458 4171 in
1475 4114 1547 4172 iscie
1570 4115 1651 4172 dedit
1672 4115 1868 4175 illuminatio-

93 4224 183 4279 mns;
201 4216 252 4266 aut
268 4207 336 4280 quie
349 4207 415 4278 ejus
430 4206 543 4280 aperuit
556 4205 667 4276 ocutos,
684 4221 737 4263 nos
751 4205 908 4263 nescimus.
920 4207 954 4260 iit
1008 4221 1075 4262 nem
1091 4205 1111 4262 ¹.
1127 4207 1161 4263 iu
1174 4215 1291 4280 percutis
1310 4207 1393 4264 totius
1407 4214 1490 4264 nutus
1504 4223 1543 4278 ea,
1557 4211 1583 4262 ei
1597 4216 1628 4262 tu
1648 4205 1724 4262 decer
1745 4223 1797 4263 nos
1807 4209 1821 4262 i
1831 4208 1865 4264 et

91 4301 230 4357 dixerunt
245 4315 254 4354 a
270 4300 370 4369 ipsum
386 4297 571 4367 interrogate,
587 4300 701 4352 etatem
728 4295 825 4363 hahet,
842 4297 904 4366 ipse
917 4294 953 4353 de
1006 4297 1144 4369 eiecerunt
1157 4314 1222 4354 eum
1236 4301 1322 4370 sorus.
1339 4298 1398 4369 Ipsi
1414 4297 1498 4353 ilium
1522 4297 1694 4366 magistrum
1719 4296 1864 4366 iecerunt,

93 4406 124 4448 ee
139 4389 313 4462 loquetura
330 4386 425 4442 Filius
435 4385 554 4458 quidem
571 4390 670 4443 noster
684 4389 737 4456 eat,
748 4386 800 4442 aed
813 4386 893 4457 iuste
908 4400 954 4442 co·
1007 4386 1062 4459 ipsi
1072 4398 1103 4444 ut
1119 4387 1359 4445 discerenitoties
1373 4385 1636 4457 interrogaverunt,
1648 4388 1677 4441 ct
1692 4384 1801 4456 ingrati
1814 4385 1867 4442 do·

93 4495 233 4554 geremur
247 4477 328 4550 ioqui
344 4494 395 4550 pro
410 4477 530 4545 intente,
542 4476 609 4549 quie
624 4477 684 4546 ipse
695 4493 746 4550 pro
761 4492 792 4533 ec
802 4475 879 4548 ioqui
895 4492 952 4534 non
1007 4482 1120 4534 centem
1136 4480 1330 4550 projecerunt.

94 4572 195 4646 posset
212 4584 220 4625 :
236 4568 308 4625 oiim
323 4566 464 4640 loquitur,
480 4567 568 4624 modo
589 4563 682 4634 videt;
696 4582 803 4623 cecum
819 4582 836 4622 a
851 4566 954 4623 nativi·
1043 4567 1086 4622 15.
1102 4568 1156 4624 Sed
1173 4566 1250 4639 quod
1266 4567 1325 4622 disi
1336 4565 1398 4638 jem
1413 4564 1536 4632 dudum,
1553 4564 1664 4632 iratres,
1679 4561 1720 4621 iili
1737 4561 1862 4636 peliunt,

93 4656 853 4732 tatenosimua,ioquentemoiimscimus,sidentom
866 4657 952 4715 modo
1006 4656 1112 4728 excipit
1137 4657 1277 4712 Dominus
1303 4672 1310 4712 ι
1335 4655 1428 4727 magis
1450 4654 1528 4711 enim
1552 4656 1619 4727 quie
1645 4654 1784 4727 espuisus
1807 4658 1861 4724 cet,

92 4752 228 4810 videmos
244 4766 251 4807 :
267 4749 367 4822 ipsum
389 4749 575 4822 interrogate,
591 4752 625 4804 ut
649 4748 859 4817 instruemini;
879 4747 950 4822 quid
1005 4744 1182 4801 christianus
1194 4744 1350 4811 iactueest,
1362 4742 1563 4800 Audiuirderus
1574 4744 1640 4816 quic
1651 4744 1863 4814 ejeceruuteum

93 4842 180 4901 uobis
195 4838 439 4898 calumniamiuii
454 4841 517 4899 Raec
526 4839 656 4895 dixerunt
671 4845 795 4908 parentes
809 4839 878 4911 ejus,
888 4840 952 4911 quic
1002 4834 1090 4903 lorus,
1106 4838 1130 4890 d
1142 4848 1205 4890 cum
1220 4834 1369 4890 inseruisset
1383 4849 1446 4890 eum
1460 4834 1536 4889 attuit
1550 4834 1578 4888 ei
1593 4849 1602 4888 :
1617 4832 1654 4888 Tu
1669 4833 1757 4888 credis
1771 4831 1802 4887 iu
1816 4831 1861 4887 Fi·

89 4932 226 4991 timeduai
239 4933 358 4992 iudaeos.
368 4933 430 4990 ium
443 4933 519 4988 enim
532 4932 755 5003 conspirauerunt
769 4930 869 5000 iudei,
879 4936 911 4987 ut
925 4928 951 4986 ei
1005 4924 1075 4981 tium
1093 4925 1141 4983 Dei
1150 4925 1164 4979 R
1177 4924 1261 4980 idodu
1277 4924 1355 4980 lavat
1371 4923 1472 4980 taciem
1489 4923 1585 4978 cordis
1608 4921 1755 4992 Respondit
1769 4919 1862 4985 idaei

89 5023 155 5097 quis
168 5037 233 5078 eum
242 5020 578 5090 confitereturcdristum
591 5024 850 5094 eatruapuuqopom
861 5021 948 5091 fieret.
1002 5016 1053 5084 uit,
1064 5015 1146 5086 qnasi
1161 5013 1257 5070 adhuc
1267 5013 1416 5074 inunctus,
1428 5014 1493 5081 Quis
1507 5018 1557 5078 est,
1570 5011 1692 5080 Domine,
1701 5013 1732 5064 ut
1746 5006 1858 5064 credam

87 5106 153 5162 tam
166 5118 226 5160 non
250 5108 314 5159 eret
329 5101 438 5158 maium
455 5101 517 5158 fieri
531 5106 613 5158 extra
632 5116 823 5175 synagogem.
839 5099 884 5157 iiii
896 5116 950 5158 ex·
1002 5106 1034 5161 in
1048 5106 1135 5161 eum?
1150 5105 1181 5160 iit
1191 5103 1263 5160 dixit
1277 5105 1303 5160 ci
1315 5105 1411 5159 ieeur:
1426 5103 1460 5157 Et
1474 5100 1568 5157 uidisti
1581 5115 1654 5166 eum,
1665 5102 1690 5153 ct
1705 5097 1753 5169 qui
1766 5097 1857 5168 toqui·

87 5191 317 5268 potiebantur!
339 5190 473 5249 onustus
497 5190 666 5265 excipiebat
683 5193 831 5262 Propterea
845 5207 949 5260 nerea·
1002 5199 1161 5262 curucam,
1178 5195 1235 5267 epse
1249 5197 1299 5251 eu.
1316 5189 1553 5254 utssusosurus,
1568 5186 1738 5244 istrienses
1754 5186 1858 5247 faeiem

86 5287 126 5342 tes
140 5282 199 5355 ejus
210 5278 355 5349 dicemini,
367 5280 437 5350 Quis
446 5287 557 5337 statem
567 5281 659 5352 iudet,
668 5280 759 5352 ipsum
769 5280 946 5353 interrogate.
1002 5285 1031 5342 in
1042 5283 1214 5356 Siioe‚quod
1225 5282 1434 5354 interpretetur
1444 5279 1562 5335 Missus.
1573 5275 1772 5347 Deniquajem
1784 5276 1857 5335 ieoie

125 5375 170 5432 ii.
188 5374 356 5430 Vocuuerunt
370 5387 434 5442 erqo
448 5387 559 5428 rursum
575 5371 712 5428 donuinam
727 5375 775 5445 qui
789 5379 882 5446 tuerer
893 5390 948 5432 cae·
1002 5373 1163 5432 totocordis
1173 5368 1710 5440 eimundeteconscientia,agnoscens
1720 5383 1854 5425 eumnon

89 5460 370 5532 eumetdiceruetei:
381 5463 421 5519 Du
430 5462 551 5535 auream
563 5462 625 5518 Deo.
634 5461 708 5529 Quid
720 5465 820 5534 est‚Du
828 5464 948 5536 pierium
1002 5463 1094 5522 titium
1105 5460 1235 5520 hominis
1245 5465 1367 5529 tantum,
1380 5459 1457 5532 quod
1469 5461 1536 5516 ente
1546 5457 1718 5528 crediderat,
1729 5458 1779 5515 sed
1789 5459 1853 5530 jam

125 5590 180 5644 tin
189 5588 296 5656 aliquot
307 5586 382 5651 idas,
395 5585 580 5653 spiritualiter.
1033 5589 1236 5650 tumuerim,
1251 5587 1392 5654 infaciem
1407 5586 1478 5641 dedit
1493 5584 1722 5643 unumunurm.
