3952 6150
135 166 205 227 2433

130 295 199 354 rulo
208 297 237 351 et
247 307 361 350 sessore
374 292 438 362 eJus
447 289 848 364 beltasuntsigntficaiaqus
858 290 958 350 lutura

132 370 212 431 sunt,
227 366 384 429 imoliuut,
398 379 467 419 cum
481 363 544 432 jam
560 377 634 432 gens
655 369 757 432 surgat
769 370 873 420 contra
888 380 958 433 gen-

131 443 201 493 tem.
216 436 270 491 Per
285 451 395 506 eqiiuin
413 433 558 505 pallidum
571 441 598 490 et
610 450 756 489 sessorem
773 435 847 505 ejus,
866 435 956 506 pestis

130 523 242 579 maigna
257 512 285 562 et
299 505 465 561 mortalitas
479 505 625 576 signatur.
639 506 676 559 Et
691 505 817 576 internus
831 508 957 577 sequitur

128 580 212 637 illum
225 595 233 631 :
246 577 276 632 id
294 584 347 641 est,
372 582 522 648 exspectat
536 575 761 632 devorationem
782 577 955 633 multorum.

128 652 167 707 Ει
181 666 241 704 curn
269 647 417 718 aperuisset
439 648 563 717 sigilium
587 648 721 719 quintum,
743 647 803 702 cidi
825 647 873 703 sub
905 665 956 703 ara

128 722 180 779 Dei
188 722 296 775 cni‘nias
308 720 520 788 interfectorum.
535 721 624 773 Aratu
640 718 857 775 lleiEcclesiam
873 718 955 786 dicit,

129 788 955 863 subcujusoculismartyresetlectisuutEtlicetanimoe

128 869 303 919 sanctorum
317 862 347 915 in
360 860 502 932 paradiso
527 860 595 927 sint,
622 866 722 915 tamen
744 862 816 931 quia
831 861 956 929 sanguis

128 941 301 991 sanctorum
313 948 404 1003 super
418 937 527 986 terram
541 931 683 994 tunditur,
696 930 752 986 sub
763 947 816 986 ara
823 932 955 989 clamare

127 1006 286 1063 dicuutur:
302 1003 378 1058 sicut
391 1001 462 1058 illud
478 1006 532 1064 est,
548 1001 663 1072 Sanquis
683 1003 784 1071 fratris
799 1003 841 1057 tui
852 1002 951 1058 clamat

126 1076 163 1133 od
171 1093 210 1131 me
220 1075 252 1130 de
261 1080 338 1130 terra
346 1073 424 1143 (Gen.
438 1089 479 1137 iv,
493 1076 547 1142 tu).
559 1073 662 1127 Etcum
670 1076 817 1143 aperuisset
829 1073 950 1145 sigillum

126 1154 242 1215 sectum,
256 1151 337 1200 tersa
349 1152 436 1199 motus
448 1145 541 1214 sactus
550 1151 587 1199 est
603 1160 713 1213 maguus
733 1144 840 1200 :idest
856 1161 953 1216 perse·

127 1219 206 1274 cutio
222 1218 396 1272 norissima.
412 1215 448 1270 Et
460 1215 499 1269 sol
517 1217 605 1284 factus
619 1221 657 1269 est
671 1217 749 1285 nicer
768 1217 839 1270 sicut
865 1231 955 1271 saccus

128 1289 268 1354 cilicinus,
285 1293 309 1343 et
321 1287 385 1341 lunc
397 1287 472 1356 sacto
487 1292 525 1339 est
537 1292 593 1340 tcta
607 1285 677 1340 ειεει
693 1288 813 1356 sanquis,
827 1293 851 1341 et
869 1287 954 1343 stellae

127 1360 284 1418 cecideruut
297 1358 327 1412 iu
339 1365 452 1412 terram.
463 1356 549 1422 Quod
576 1362 620 1412 est
649 1356 693 1412 sol
709 1363 736 1412 et
761 1358 844 1422 luna,
859 1357 916 1413 hoc
926 1364 955 1414 et

127 1430 227 1495 stella,
243 1429 273 1485 id
284 1436 330 1485 est
340 1428 470 1484 Ecclesia
485 1443 492 1479 :
505 1426 556 1482 sed
572 1443 590 1483 a
606 1432 666 1485 toto
681 1443 752 1498 pars
771 1428 952 1495 intelligitur.

127 1502 280 1558 Nouenim
293 1505 352 1555 tota
366 1497 508 1563 Ecclesia,
523 1498 635 1569 sedqui
648 1498 720 1554 mali
734 1506 802 1554 sunt
813 1499 842 1554 in
856 1499 955 1555 Eccle-

127 1574 181 1637 sia,
199 1571 257 1643 ipsi
271 1571 383 1626 cadunt
395 1570 432 1625 de
448 1568 531 1624 caelo.
547 1572 651 1625 Totam
665 1576 766 1625 autem
781 1571 867 1635 dixit,
882 1568 953 1643 qnia

127 1645 158 1699 in
172 1647 231 1699 toto
243 1643 316 1698 orbe
332 1647 478 1696 terrarum
497 1641 550 1696 erit
561 1641 725 1696 novissima
739 1642 955 1712 persecuti0.Et

127 1720 198 1770 tunc
210 1714 262 1785 qui
273 1713 345 1784 justi
357 1711 473 1777 lueiiut,
503 1711 700 1767 ermauebuut
711 1713 739 1766 iii
752 1712 882 1768 Ecclesia
891 1719 954 1769 tan·

128 1801 222 1857 quam
238 1784 268 1839 iu
284 1782 378 1839 coelo:
396 1783 463 1854 cupi
489 1782 498 1836 i
513 1797 593 1847 vero,
608 1782 707 1852 injusti
724 1788 752 1838 et
766 1782 893 1839 adulteri
907 1799 952 1839 ac

127 1856 282 1928 quiescere
292 1855 405 1909 habent
419 1854 586 1909 sacrificare
595 1852 726 1908 diabolo.
739 1852 773 1909 Et
785 1861 853 1909 tunc
862 1855 912 1927 qui
922 1869 953 1911 se

127 1927 306 1983 christianos
321 1940 385 1981 esse
400 1924 873 1992 verbistantummododicebant‚
889 1931 953 1981 tau-

151 2014 221 2054 uam
236 1996 326 2053 stellae
342 1995 450 2051 cadent
463 1995 501 2050 de
530 1994 615 2061 coelo,
630 1995 712 2066 qnod
737 1999 782 2050 est
807 1995 948 2052 Ecclesia.

127 2013 205 2124 girus
217 2069 285 2140 fieus
297 2082 393 2138 magno
419 2066 612 2136 oeiitoagitcta
633 2066 717 2121 mittit
745 2083 850 2135 grossos
871 2083 946 2125 snos.

127 2140 276 2210 agitatam
289 2137 444 2218 arbosem,⁸
457 2137 592 2218 Ecclesiae
607 2140 811 2262 compararim
828 2145 951 2194 ventum

126 2226 284 2280 magnum,
300 2213 497 2281 persecutioni
512 2225 519 2274 ;
532 2222 664 2277 grossos,
698 2208 949 2275 ominibiismalis‚

128 2280 355 2354 quiexcntiendi
367 2286 436 2335 snat
447 2287 473 2333 et
488 2279 631 2334 recessuri
647 2280 686 2334 ab
701 2278 839 2335 Ecclesia.
850 2281 888 2334 Et
899 2295 951 2335 cae·

128 2353 183 2408 lum
195 2353 303 2407 recessit
317 2357 347 2406 ut
360 2350 498 2405 incolatus
508 2349 591 2405 liber.
621 2352 651 2404 Et
666 2351 722 2405 hoc
746 2350 813 2406 loco
841 2353 951 2407 coelnm

127 2424 289 2479 Ecclesiam
299 2422 455 2500 dicit‚qnee
468 2437 486 2476 a
501 2420 586 2477 malis
596 2420 715 2482 recedit,
731 2422 843 2477 etintra
854 2438 884 2476 se
893 2421 952 2479 sibi

127 2494 182 2550 soli
198 2499 269 2550 nota
284 2498 423 2574 mysteria
437 2492 578 2555 continet,
605 2492 680 2548 sieut
701 2491 777 2548 liber
790 2492 950 2560 involutus,

127 2562 951 2638 queminiquiintelligerenecroluutomninomecpos·

128 2642 209 2692 sunt.
218 2634 342 2692 Etcmm‘s
353 2651 430 2689 mone
444 2641 469 2688 et
485 2634 580 2689 insulae
595 2633 629 2690 de
641 2633 704 2688 locis
716 2636 774 2688 suis
783 2642 860 2690 motas
874 2639 949 2690 aurit.

129 2707 214 2771 Quod
229 2709 348 2769 emtum,
359 2706 416 2761 hoc
432 2712 558 2768 aientes,
573 2705 631 2760 hoc
646 2705 750 2760 insulae
761 2705 949 2773 significant;

126 2779 157 2834 id
170 2784 215 2833 est
229 2778 387 2833 Ecclesiam
397 2776 477 2834 laeta
488 2775 657 2831 norissima
670 2777 874 2847 persecutione
887 2792 951 2832 oin·

128 2865 198 2905 nem
212 2849 249 2903 de
264 2849 391 2904 locosuo
402 2848 571 2911 recessisse,
588 2847 651 2900 sive
664 2846 793 2902 inbonis
807 2847 950 2918 fugiendo

127 2921 375 2993 persecutionem,
388 2919 451 2974 sive
462 2919 491 2972 in
504 2917 590 2973 malis
599 2917 667 2972 tldei
678 2917 823 2973 cedendo.
832 2918 888 2973 Sed
901 2934 951 2988 po·

128 2996 184 3048 test
195 2992 224 3046 in
241 2995 524 3061 utramquepartem
538 2988 697 3043 convenire
715 3005 724 3058 ;
739 2990 810 3061 quia
826 2994 854 3043 et
868 2988 952 3045 bona

127 3077 199 3144 pars
212 3067 349 3117 movetur
361 3060 398 3115 de
412 3061 479 3116 loco
488 3075 553 3124 suo,
565 3059 693 3128 lugiens,
704 3059 733 3113 id
746 3063 800 3124 εει,
812 3059 951 3114 amittens

126 3133 200 3189 illud
240 3133 298 3188 uod
311 3131 402 3187 habet
418 3147 425 3186 :
442 3131 518 3186 siciit
532 3130 616 3196 illud,
640 3128 748 3185 llloceto
761 3129 951 3185 condelabrum

129 3210 204 3259 trium
216 3148 247 3258 ge
263 3204 316 3259 loco
326 3219 374 3257 suo
388 3202 520 3274 (Apoett,
537 3207 576 3272 ὅ).
592 3202 950 3282 crispiniacensis

129 3272 951 3347 trctusrreges,potenteshominesaccipimus.Exomni

129 3347 209 3401 enim
224 3346 320 3411 gradu
342 3351 370 3399 ct
384 3345 554 3400 conditione
582 3349 792 3399 convertentur
806 3343 845 3398 ad
856 3342 952 3398 Chris·

129 3423 203 3472 tum.
219 3416 364 3473 Caeterum
377 3416 429 3486 qui
445 3421 514 3470 tune
530 3428 615 3483 reges
627 3418 724 3479 erunt,
740 3418 950 3485 praeterunum

127 3493 359 3560 persecutorem,
375 3486 570 3542 absconderunt
592 3502 619 3540 se
642 3486 671 3540 in
684 3485 818 3556 speluncis
827 3490 852 3539 ει
866 3485 952 3610 petris

127 3560 270 3614 montium.
287 3557 466 3628 confugiunt
476 3573 582 3613 omues
598 3557 775 3628 inpraesenti
788 3572 865 3611 steen
880 3571 898 3611 o
912 3555 952 3612 ad

127 3629 216 3685 sidem
233 3628 378 3698 Ecclesiae,
400 3636 428 3683 et
440 3628 469 3683 iii
486 3627 660 3683 abscondito
674 3627 952 3698 mysterioScriptu·

126 3716 229 3756 rarum
243 3704 452 3769 conteguntur.
463 3699 501 3754 m
512 3699 620 3764 dicuat,
632 3697 730 3754 dedite
743 3715 752 3752 :
766 3697 796 3752 id
806 3700 951 3767 est,tegitc

129 3787 186 3827 iios
212 3772 249 3827 Et
261 3770 411 3826 abscondite
421 3786 469 3824 aas
482 3770 532 3825 :id
547 3775 599 3834 est,
618 3774 648 3824 ut
662 3769 847 3825 homosetus
866 3785 883 3824 a
902 3768 951 3824 Dei

124 3816 221 3898 oculis
239 3842 451 3898 abscondatur.
469 3840 592 3896 Etaliter
604 3855 610 3894 :
623 3840 678 3905 Oiii
692 3840 804 3921 cogitat
817 3838 951 3896 futurum

121 3914 280 3983 judicium,
295 3913 476 3969 convertitur
499 3911 538 3967 ad
557 3917 683 3976 montes,
700 3913 731 3967 id
744 3910 835 3966 estad
851 3911 951 3966 Eccle-

124 3987 209 4055 siam,
222 3992 254 4040 ut
273 3982 500 4040 abscondantur
524 3986 647 4053 peccata
666 3997 721 4037 sua
735 3997 789 4053 per
802 3982 951 4052 poeuiteu·

123 4056 195 4111 tiam
209 4057 238 4110 iu
255 4055 392 4127 prasenti
412 4059 557 4180 temBore,
570 4068 607 4108 ne
625 4052 654 4107 in
665 4052 764 4109 tuturo
777 4053 949 4178 puniantur.

122 4126 211 4183 Donec
221 4128 355 4197 siccamus
366 4142 454 4181 seinos
494 4124 521 4179 ei
534 4124 621 4179 nostri
641 4124 671 4178 ia
686 4124 776 4195 sconti
795 4141 825 4177 us
837 4140 947 4181 eorum:

121 4197 282 4253 Ecclesiam
299 4197 454 4252 denuntiat
471 4212 478 4261 ;
494 4201 522 4251 et
532 4196 601 4250 dicit
614 4194 702 4250 malis
717 4195 902 4259 hominibus,
919 4194 949 4250 id

122 4274 167 4324 est
182 4268 311 4324 sinistrae
323 4269 397 4339 parti
409 4266 539 4331 laedenti,
556 4268 597 4322 Ne
611 4267 720 4321 laseris.
736 4268 804 4321 lloec
819 4270 863 4321 est
880 4280 948 4331 vor,

121 4355 188 4412 quse
202 4340 232 4395 iii
245 4338 346 4395 medio
359 4337 750 4410 quatuoranimaliumdicit
760 4336 889 4401 loedeuti,
904 4336 950 4392 l'i·

120 4427 188 4466 num
203 4418 228 4465 et
242 4412 330 4468 oleum
341 4409 500 4465 nelaseris:
514 4408 544 4464 in
560 4410 629 4463 rino
641 4415 670 4463 et
683 4408 759 4472 oleo,
776 4422 881 4464 omnes
895 4408 948 4480 qui

120 4487 191 4538 snut
204 4482 274 4552 justi
287 4479 499 4549 intelliguntur,
516 4494 593 4551 quos
604 4476 948 4535 necdiabolusnecmali

120 4553 261 4609 homiues
277 4552 386 4608 laedere
400 4556 550 4623 poterunt.
574 4551 631 4606 nisi
677 4550 770 4605 uoties
786 4550 824 4606 ad
842 4565 946 4606 eorum

121 4623 330 4696 probationem
356 4622 525 4705 permiserit
548 4624 635 4685 licus,
688 4623 775 4686 inum,
799 4621 906 4693 iuquit,
923 4628 948 4676 et

119 4697 208 4752 oleum
222 4711 255 4750 ue
270 4696 393 4750 laseris:
407 4693 693 4766 praecipitDominus
703 4707 826 4749 ornnem
838 4699 947 4749 terram

120 4763 949 4836 suamspiiitualemnouluadi‚qiioiisqueomnessigneu·

120 4841 174 4892 tur.
191 4837 232 4891 Et
247 4836 345 4891 audiui
359 4852 501 4891 numerum
516 4837 697 4905 signatorum,
708 4838 813 4889 eentum
828 4834 948 4904 quadra·

118 4910 198 4979 piata
212 4907 434 4979 quatuormilli'c
458 4907 562 4977 ai'pacti
583 4923 616 4960 ec
639 4906 713 4960 omni
728 4906 805 4960 tribu
826 4906 946 4975 fitiorum

118 4978 219 5034 lsrael.
235 4982 357 5035 Centum
372 4977 571 5050 qnadraginta
586 4982 715 5048 quatuor
730 4975 832 5042 millia,
846 4976 946 5033 omnis

119 5049 245 5106 omuino
271 5048 402 5105 Ecclesia
425 5052 479 5103 εει.
510 5048 605 5102 Postea
628 5046 697 5115 cidi,
725 5054 752 5103 et
766 5047 947 5119 eccepopulm

118 5120 231 5188 multus,
247 5137 322 5192 quem
337 5120 511 5175 dinumerare
538 5135 612 5173 nemo
637 5124 756 5186 poterat,
780 5135 813 5173 ec
825 5118 947 5173 omnibus

118 5191 242 5262 gentibus
252 5199 278 5247 et
289 5191 399 5262 populis
407 5198 431 5246 et
441 5189 561 5262 linquis:
573 5204 631 5245 nou
643 5191 726 5254 dixit,
739 5188 876 5245 Posthac
887 5189 946 5245 vidi

119 5263 213 5319 alium
224 5262 370 5334 populum
382 5260 526 5327 3sed,vidi
537 5259 696 5333 populum,
706 5260 736 5315 id
751 5265 797 5317 est
805 5258 945 5317 eumdem

118 5349 210 5407 quem
219 5333 334 5390 viderat
348 5333 377 5389 iu
390 5329 946 5404 mysteriocentumquadragintaqua·

118 5411 188 5461 tuor
198 5402 336 5468 millium,
351 5404 432 5460 hunc
459 5402 530 5459 vidit
544 5402 795 5458 innumerabilem
811 5418 847 5458 ex
863 5400 947 5459 omui

119 5476 198 5532 tribu
214 5482 242 5531 et
251 5474 355 5547 lingua
369 5482 397 5531 et
411 5480 508 5544 gente,
520 5475 703 5546 qiiiaomiies
716 5478 819 5545 gentes
829 5474 946 5529 insertae

120 5546 289 5603 suntradici
303 5546 462 5603 eredendo.
479 5546 623 5600 Dominus
634 5544 664 5599 ia
680 5543 838 5612 Evangelio
854 5549 946 5601 totam

119 5616 282 5675 Ecclesiam
293 5623 355 5674 tam
367 5617 404 5674 de
415 5616 525 5673 tudieis
538 5614 678 5688 quamde
690 5614 843 5684 Gentibus,
856 5615 887 5672 in
898 5617 948 5672 tri·

119 5687 222 5747 bubus
238 5687 326 5747 lsrael
342 5688 499 5746 duodecim
514 5686 710 5757 demonstret,
723 5685 827 5745 diceus
843 5703 849 5744 :
866 5684 947 5748 seite-

889 154 1079 225 areanum.

1767 166 1839 237 atat

1013 292 1076 348 bitis
1085 293 1437 364 superduodeci'mtlironos,
1446 295 1840 367 judicantesduodecimtribue

1012 364 1285 436 teretinatibus,
1297 367 1461 438 28).Amicti
1468 369 1836 442 stolisalbr's:stolasalbas,

1011 436 1126 490 donum
1143 436 1269 507 Spiritus
1280 438 1375 493 saneti
1385 438 1529 508 iutelligit.
1544 441 1579 495 Et
1591 446 1835 516 onicescnqelisto·

1012 505 1098 560 touta
1111 508 1228 563 circester
1237 508 1329 563 ttrcui
1338 510 1486 578 :angelos
1499 512 1658 567 Ecclesiam
1671 517 1754 577 dicit;
1765 518 1837 588 qnia

1011 584 1117 648 prester
1129 579 1226 649 ipsam
1252 579 1327 634 nihil
1340 578 1421 635 aliud
1442 581 1642 639 describebat.
1658 586 1689 638 Et
1697 588 1837 655 respondit

1010 648 1080 702 milii
1094 665 1164 703 unus
1174 649 1208 703 de
1224 649 1374 704 senioribus
1391 650 1506 720 dicens‚·
1527 653 1580 707 lut
1604 655 1652 724 qui
1665 658 1759 710 amicti
1772 665 1837 713 sunt

1009 719 1086 774 stetis
1097 719 1176 785 ciliis,
1185 722 1303 790 quisunt
1317 721 1330 768 ι
1344 721 1466 777 Unusde
1479 723 1836 798 senioribiisqiiirespon-

1010 789 1062 854 dit,
1077 792 1210 847 cilicium
1223 793 1334 847 iudicat
1349 794 1646 865 sacerdotumque
1661 797 1834 864 Ecclesiam,

1010 860 1040 916 id
1057 863 1253 933 estpopulum
1265 863 1561 928 qucclesiadocent,
1571 880 1636 933 quae
1650 868 1834 926 sitreiuune·

1008 931 1085 987 ratio
1097 932 1210 988 laboris
1226 941 1397 989 sanctorum
1412 950 1417 988 :
1432 936 1545 997 dicens,
1560 936 1598 989 lli
1612 943 1675 991 eunt
1692 940 1741 1008 qui
1761 956 1837 995 uene·

1009 1011 1117 1058 rnutec
1124 1020 1221 1074 magno
1241 1006 1429 1070 tribulatione,
1445 1013 1469 1061 et
1483 1006 1606 1061 lacerant
1620 1008 1702 1062 stolus
1722 1026 1787 1065 suas
1802 1013 1833 1066 in

1007 1077 1136 1145 scapulae
1146 1076 1221 1146 agni.
1235 1078 1299 1132 lton
1310 1078 1401 1140 enim,
1415 1083 1446 1131 ut
1460 1077 1551 1148 aliqui
1563 1083 1678 1148 putant,
1688 1087 1835 1152 martyres

1008 1145 1062 1200 soli
1074 1150 1153 1210 suut,
1168 1146 1222 1202 sed
1236 1149 1335 1202 oiuuis
1351 1147 1479 1219 populiis
1490 1149 1518 1203 ia
1532 1148 1673 1208 Ecclesia:
1689 1151 1836 1222 quianon

1008 1216 1202 1286 insanguine
1228 1233 1283 1273 suo
1308 1218 1383 1273 dixti
1408 1218 1515 1274 lavisse
1530 1219 1620 1275 stolas
1641 1236 1723 1285 snas,
1738 1223 1792 1278 sed
1804 1223 1835 1279 in

1008 1288 1154 1356 sauguine
1167 1289 1248 1358 agni,
1268 1288 1353 1343 idest
1364 1288 1496 1358 ingratia
1507 1289 1556 1344 Ilei
1569 1291 1729 1361 pertesum
1740 1293 1836 1349 Chris-

1008 1361 1069 1413 tum
1082 1359 1240 1413 nominum
1256 1365 1402 1422 nostrum,
1416 1361 1492 1414 sicut
1502 1361 1646 1431 scriptum
1660 1367 1715 1418 est.
1731 1365 1834 1419 Eteon-

1007 1429 1067 1498 qnis
1079 1428 1156 1483 Filii
1168 1428 1225 1498 ejus
1235 1429 1376 1484 niundooit
1386 1447 1433 1485 uos
1452 1431 1477 1500 (l
1487 1429 1566 1487 loca.
1579 1449 1597 1497 i,
1613 1431 1669 1503 te).
1683 1435 1716 1487 Et
1735 1435 1781 1504 qui
1792 1452 1834 1490 sc·

1007 1500 1051 1553 det
1070 1500 1100 1553 iu
1111 1498 1217 1566 tbrono,
1230 1500 1322 1555 liabitc
1333 1516 1414 1570 super
1441 1517 1484 1555 eui
1498 1520 1508 1555 :
1524 1503 1580 1572 ipsi
1595 1506 1674 1558 enim
1707 1504 1834 1561 ditonus

1009 1576 1089 1633 siiut,
1107 1586 1284 1642 superqnos
1299 1572 1415 1628 habitat
1429 1572 1506 1626 Deus
1522 1573 1551 1626 in
1567 1572 1688 1638 seacula,
1700 1574 1728 1628 id
1744 1580 1790 1631 est
1802 1578 1833 1633 iu

1008 1641 1152 1697 Ecclesia.
1166 1644 1257 1714 Neque
1269 1643 1342 1698 cadet
1354 1660 1436 1712 super
1444 1643 1540 1706 εοεεοι,
1552 1659 1635 1713 neque
1646 1651 1746 1701 astus:
1758 1651 1834 1703 sicut

1008 1711 1080 1767 dicit
1096 1711 1190 1767 lsaias
1203 1715 1240 1767 de
1257 1714 1395 1778 Ecclesia,
1407 1715 1468 1768 Erit
1480 1715 1509 1767 in
1519 1714 1615 1769 umbro
1627 1715 1660 1769 ab
1672 1722 1739 1770 astu
1754 1716 1831 1786 (lsai.

1006 1798 1075 1845 xxi,
1087 1785 1126 1849 l).
1143 1784 1175 1837 Et
1187 1783 1296 1839 deducet
1314 1784 1350 1839 cd
1366 1785 1430 1839 citae
1455 1785 1540 1855 sontes
1554 1802 1687 1856 aquarum
1700 1805 1710 1841 :
1725 1789 1831 1845 omnia

1006 1853 1072 1910 liaeo
1092 1853 1182 1909 etiam
1204 1855 1236 1910 iti
1261 1856 1400 1927 praesenti
1435 1859 1496 1911 vita
1523 1856 1714 1927 spiritualiter
1737 1859 1832 1914 Eccle-

1007 1925 1057 1979 siae
1084 1926 1224 1981 eveniunt
1243 1941 1251 1991 ;
1286 1942 1351 1981 cuin
1377 1926 1510 1982 dimissis
1544 1928 1674 1998 peccatis
1703 1929 1832 1999 resurgi·

1008 2011 1087 2060 nius,
1101 2000 1129 2050 ει
1141 1997 1208 2076 ritae
1224 1994 1331 2120 prioris
1354 1998 1490 2066 lugubris
1514 2013 1550 2053 ac
1580 1999 1686 2054 veteris
1701 2000 1832 2056 huminis

1007 2067 1172 2137 exspoliati,
1183 2067 1212 2122 iii
1251 2068 1832 2141 aptismoCliristuminduimur3etgan·

1006 2137 1057 2193 dio
1076 2140 1170 2192 sancti
1182 2139 1306 2209 Spiritus
1316 2139 1491 2210 implemur.
1508 2141 1541 2195 Et
1558 2157 1616 2194 eum
1627 2143 1774 2210 operuisset
1789 2143 1832 2197 si·

1005 2208 1258 2289 pitlnmseptimum,
1272 2210 1374 2281 [actum
1389 2218 1425 2265 est
1438 2210 1578 2266 silentium
1591 2211 1621 2265 ia
1635 2212 1699 2267 coelo
1711 2231 1721 2267 .·
1732 2213 1762 2268 id
1777 2218 1830 2279 est,

1006 2295 1034 2333 in
1047 2279 1188 2338 Ecclesia.
1210 2279 1292 2344 Quasi
1304 2281 1392 2337 medic
1406 2281 1475 2338 tcrc
1489 2302 1499 2339 .·
1514 2283 1542 2336 iu
1559 2282 1720 2346 semitiora,
1734 2290 1832 2341 osten·

1005 2350 1048 2404 dit
1062 2349 1177 2406 initium
1189 2351 1298 2422 quietis
1313 2359 1442 2410 aeterna.
1461 2353 1498 2409 Et
1521 2352 1581 2407 cidi
1597 2362 1693 2424 septem
1713 2355 1832 2426 angelos.

1004 2420 1168 2491 quietantia
1178 2425 1384 2494 conspectuDei.
1394 2426 1513 2494 Septem
1524 2425 1656 2492 angelos,
1669 2426 1831 2483 Ecclesiam

1004 2492 1090 2558 dixit,
1107 2493 1327 2562 Quiaccepeinmt
1341 2502 1437 2566 septem
1453 2494 1539 2561 tuboe,
1560 2496 1647 2552 idest
1670 2497 1831 2566 perlectam

1005 2564 1248 2634 praedicationem
1268 2584 1274 2620 :
1291 2567 1367 2621 sicut
1388 2565 1532 2636 scriptum
1561 2571 1614 2631 est,
1640 2568 1747 2634 Eccita,
1762 2569 1832 2623 sicut

1005 2633 1079 2697 tuba,
1091 2651 1176 2690 nocem
1193 2642 1267 2690 tuam
1278 2635 1333 2711 (ld.
1349 2652 1426 2703 iuni,
1439 2640 1478 2705 1).
1494 2638 1527 2692 Et
1541 2637 1613 2693 atius
1624 2639 1734 2709 augelus
1747 2640 1831 2705 veuit,

1004 2711 1030 2758 et
1044 2707 1118 2760 stetit
1131 2712 1193 2759 cute
1202 2707 1290 2761 altore
1302 2725 1313 2759 :
1323 2707 1414 2762 alium
1426 2710 1568 2775 angelum
1582 2710 1759 2780 qiiemdicit‚
1772 2725 1831 2766 non

1004 2783 1071 2845 post
1085 2776 1151 2831 illos
1162 2784 1275 2848 septem
1288 2778 1377 2841 venit,
1415 2779 1462 2833 uia
1472 2778 1586 2850 ipseest
1596 2781 1831 2836 {lominus-lesus

1005 2845 1146 2902 Christus.
1166 2847 1269 2902 Habeas
1284 2794 1608 2905 tliui·ib13umaureum:
1624 2851 1706 2922 qnod
1714 2858 1759 2906 est
1767 2867 1831 2907 cor·

1004 2931 1061 3041 lpus
1074 2924 1221 2972 sanctum.
1240 2922 1304 2990 lpse
1319 2920 1397 2974 enim
1413 2920 1557 2977 Dominus
1573 2921 1667 2977 lactus
1683 2928 1725 2977 est
1737 2923 1831 2978 tliuri·

1028 2985 1120 3051 ulum,
1133 3003 1169 3042 ex
1183 3005 1245 3059 quo
1256 2991 1331 3044 lleus
1345 2990 1470 3046 odorem
1485 2992 1638 3047 suavitatis
1652 2994 1767 3064 accepit
1783 3011 1790 3061 ;
1804 2997 1833 3051 et

1005 3058 1150 3128 propitius
1162 3058 1256 3114 lactus
1269 3065 1314 3115 est
1326 3062 1451 3128 mundo,
1462 3063 1534 3132 quia
1544 3061 1650 3118 obtulit
1659 3064 1791 3135 seipsum
1801 3065 1831 3121 iu

1004 3128 1128 3184 odorem
1140 3130 1294 3185 suavitatis
1305 3131 1413 3213 (Eplies.
1442 3147 1471 3194 v,
1487 3133 1524 3193 ιι.
1551 3134 1585 3187 Et
1599 3135 1700 3203 acecpit
1721 3135 1832 3205 capetus

1005 3199 1186 3266 thuribulum,
1202 3205 1227 3255 et
1239 3200 1361 3271 implevit
1376 3202 1445 3256 iilud
1459 3218 1492 3256 ec
1506 3201 1569 3272 ipae
1581 3203 1680 3258 altaria
1692 3224 1702 3259 .·
1715 3208 1833 3277 accepit

1004 3272 1089 3326 lesus
1101 3287 1220 3343 corpus,
1241 3272 1269 3327 id
1281 3278 1326 3327 est
1338 3272 1509 3334 Ecclesiam,
1521 3279 1550 3329 et
1564 3273 1602 3328 ad
1616 3275 1831 3345 perficiendam

1005 3342 1097 3398 Patris
1124 3343 1318 3408 voluntatem,
1348 3343 1483 3415 implevit
1504 3343 1585 3399 illam
1611 3344 1680 3414 igne
1706 3347 1832 3417 Spiritus

1006 3412 1111 3468 sancti.
1125 3414 1164 3469 Et
1177 3415 1333 3484 factasunt
1348 3431 1419 3469 noces
1433 3422 1458 3469 et
1482 3417 1609 3470 tonitrua
1630 3424 1655 3471 et
1667 3417 1786 3487 sulpura
1806 3422 1832 3472 et

1005 3491 1088 3538 terra
1101 3492 1187 3539 motus
1197 3503 1206 3538 :
1218 3485 1321 3541 omnia
1339 3485 1404 3541 liaec
1417 3485 1585 3553 spirituales
1605 3489 1671 3542 suni
1693 3489 1830 3544 Ecclesiae

1005 3555 1233 3680 praedicationes
1242 3560 1271 3612 et
1284 3556 1413 3612 virtutes.
1425 3558 1464 3611 Et
1481 3565 1577 3628 septem
1591 3558 1737 3629 angeliqui
1746 3558 1832 3614 bobe-

1021 3631 1069 3680 ant
1080 3633 1178 3697 septem
1189 3627 1275 3691 tubas,
1294 3635 1488 3698 properarunt
1509 3644 1535 3682 εε
1549 3636 1578 3684 ut
1595 3629 1661 3683 tuba
1678 3636 1830 3687 canerent:

1005 3696 1036 3753 id
1051 3702 1105 3762 est,
1123 3697 1251 3753 Ecclesia
1266 3700 1442 3769 praeparavit
1470 3715 1503 3755 se
1526 3698 1565 3755 ad
1589 3700 1830 3771 praedicandum.

1004 3768 1041 3823 m
1055 3768 1162 3838 primus
1176 3769 1286 3839 angelus
1298 3769 1362 3824 tubo
1376 3770 1486 3836 cecinit,
1509 3777 1533 3825 et
1544 3771 1623 3839 [εειε
1637 3778 1674 3825 εει
1686 3772 1790 3842 qnando
1805 3779 1830 3827 et

1006 3839 1077 3909 ignis
1086 3839 1188 3893 mixtus
1201 3843 1351 3911 sunguine:
1365 3839 1443 3896 lacta
1456 3845 1499 3895 est
1508 3841 1552 3896 ira
1559 3842 1619 3910 Dei,
1631 3858 1699 3913 qum
1708 3843 1831 3899 haberet

1004 3914 1034 3964 in
1051 3925 1082 3964 se
1093 3911 1254 3965 inultorum
1270 3927 1385 3967 necem.
1404 3912 1443 3967 Et
1454 3912 1536 3967 missa
1563 3917 1600 3967 εει
1624 3914 1653 3967 iu
1675 3920 1789 3978 terrain,
1805 3921 1830 3969 ει

1004 3980 1162 4052 terticpcrs
1177 3988 1258 4037 terra
1266 3982 1399 4038 mmbustc
1413 3988 1461 4047 est,
1475 3991 1500 4039 et
1512 3987 1598 4039 tertia
1606 4000 1673 4055 pars
1686 3985 1828 4050 arborum,

1003 4057 1028 4107 et
1042 4068 1116 4107 omne
1133 4052 1225 4123 senum
1235 4053 1322 4108 uiride
1335 4054 1496 4109 combustum
1512 4061 1550 4109 est
1565 4069 1576 4106 :
1590 4055 1670 4127 qnod
1681 4061 1724 4110 est
1740 4062 1828 4122 terra,

1003 4122 1061 4179 hoc
1071 4129 1097 4179 et
1113 4123 1246 4189 arbores,
1258 4125 1316 4181 hcc
1327 4124 1439 4187 leiiinu,
1455 4125 1485 4180 id
1500 4130 1544 4181 est
1553 4125 1701 4181 hoiniaes.
1714 4126 1830 4182 Ferrum

1004 4194 1830 4264 autemviride,carnemintelligesanguineametluiin-

1003 4265 1125 4331 mosam,
1136 4266 1393 4332 secuudumillud,
1408 4266 1502 4322 Omnis
1510 4282 1574 4320 ecre
1585 4265 1771 4390 seuumSlsci.
1781 4282 1828 4331 xi,

1004 4339 1043 4405 6).
1061 4336 1099 4390 Ει
1112 4336 1246 4391 secundus
1265 4335 1376 4407 augelus
1401 4335 1465 4392 tuba
1488 4337 1596 4401 cecinit,
1617 4344 1643 4391 et
1664 4353 1693 4391 ve
1707 4345 1737 4392 ut
1755 4354 1830 4393 mons

1002 4424 1114 4478 maguus
1128 4408 1229 4462 ardens
1238 4407 1297 4477 iqui
1315 4407 1412 4462 missus
1425 4415 1462 4461 est
1478 4411 1600 4474 inmcre,
1609 4414 1634 4461 et
1646 4407 1719 4476 [ceta
1729 4416 1766 4463 est
1775 4415 1830 4464 ter·

1004 4479 1044 4532 tic
1051 4495 1117 4550 pars
1130 4478 1215 4533 maris
1228 4478 1361 4547 sanguis:
1378 4478 1487 4533 ardens
1501 4493 1597 4543 mous,
1614 4478 1753 4534 diabolus
1773 4485 1827 4535 est.

1003 4549 1126 4622 thuod
1140 4550 1227 4604 tertia
1240 4564 1309 4619 pars
1324 4554 1408 4605 terrai
1424 4550 1470 4603 rel
1493 4549 1648 4614 arborum,
1667 4550 1732 4605 liaec
1745 4551 1830 4606 tertia

1002 4635 1074 4692 pars
1090 4619 1193 4675 maris.
1211 4622 1242 4675 Et
1255 4620 1394 4675 homines
1419 4618 1563 4675 habentes
1577 4621 1706 4686 animas,
1720 4621 1829 4692 impios

1002 4690 1077 4746 dixit
1092 4691 1101 4726 ¹
1119 4707 1126 4745 :
1145 4696 1175 4746 iit
1189 4690 1359 4746 ostenderet
1370 4691 1399 4746 in
1412 4707 1501 4747 carne
1516 4691 1610 4757 vivos,
1627 4693 1678 4747 sed
1690 4692 1829 4764 spiritua-

1001 4761 1066 4817 liter
1078 4767 1222 4817 mortuos.
1237 4763 1268 4817 Et
1282 4763 1617 4833 terticmpcrtemnccinm
1626 4767 1828 4836 corruperunt:

1002 4832 1138 4889 doctrina
1151 4848 1205 4888 sua
1215 4832 1345 4889 haeretici
1360 4839 1557 4904 corruperunt
1575 4850 1626 4890 eos
1641 4836 1692 4907 qui
1712 4834 1769 4890 illis
1782 4850 1829 4890 ac·

1001 4904 1189 5030 quieveruut.
1205 4905 1238 4959 Et
1254 4904 1350 4959 tectim
1361 4904 1471 4974 augelus
1489 4904 1554 4960 tuba
1567 4908 1673 4971 cecinit,
1689 4914 1714 4961 et
1733 4905 1829 4961 cecidit

1020 4992 1033 5029 e
1047 4975 1110 5030 coelo
1123 4975 1202 5030 stettc
1216 4992 1313 5047 mogun
1322 4975 1421 5030 ardeae
1434 4976 1504 5031 uelut
1515 4977 1632 5046 focula:
1651 4978 1689 5032 de
1698 4976 1830 5032 Ecclesia

1002 5046 1828 5130 dicitcecidissehominessuperbosetimpios.llaguam

1002 5132 1073 5172 vero
1083 5116 1200 5173 stellam
1214 5117 1290 5174 dixit
1306 5117 1542 5190 ;qniapei·souie
1558 5133 1719 5188 maiorum,
1737 5122 1765 5173 et
1776 5133 1828 5190 pc-

1001 5193 1138 5244 testatem
1153 5186 1329 5244 veldivities
1355 5188 1543 5246 habentium.
1572 5189 1609 5244 Et
1629 5204 1725 5243 namen
1748 5188 1829 5259 tuine

1001 5258 1087 5315 stellae
1103 5259 1210 5314 dicitur
1217 5259 1396 5326 absinthium,
1410 5268 1434 5316 et
1448 5260 1522 5331 sueta
1532 5259 1658 5315 esttertio
1667 5276 1829 5331 porcaque·

1001 5346 1063 5385 ium
1077 5330 1107 5386 in
1117 5329 1283 5385 absinthium
1298 5345 1308 5382 :
1324 5331 1409 5387 tertia
1451 5346 1499 5387 ars
1521 5330 1679 5386 homiuum
1692 5330 1771 5386 saeta
1785 5335 1829 5389 est

1002 5399 1206 5456 similisstellie
1220 5417 1289 5473 quai
1305 5416 1395 5472 super
1408 5346 1489 5458 afim
1505 5401 1621 5457 cecidit.
1634 5401 1671 5455 Et
1685 5401 1769 5457 matti
1781 5401 1826 5457 lio-

1000 5473 1105 5527 miaum
1125 5473 1228 5527 mortni
1241 5478 1304 5526 sunit
1316 5472 1349 5527 ab
1368 5476 1455 5544 aquis,
1471 5472 1597 5543 quonium
1610 5475 1829 5529 amaricaverunt

1001 5559 1088 5615 oqnae.
1101 5542 1361 5601 Hominesmortui
1371 5544 1486 5601 suntab
1501 5544 1598 5616 aquis.
1612 5545 1671 5600 lloc
1681 5543 1765 5601 iubis
1775 5543 1828 5619 qiii

1032 5694 1041 5729 ¹
1056 5693 1130 5754 Mes,
1148 5694 1254 5747 arbores
1268 5693 1419 5747 tabentium
1433 5695 1535 5746 animae
1549 5695 1624 5748 dicit.
