3952 6150
217 162 285 219 23ss

216 291 246 344 et
258 285 287 340 in
304 279 445 356 Spiritum
455 273 616 335 sanctum?
628 275 701 330 Nam
710 269 846 328 nonnulli
855 273 940 350 gesta
949 266 1045 351 ιιοιιιι-

216 357 287 415 nica
300 354 433 424 magicas
448 355 526 406 artes
539 345 701 420 appellant,
717 358 794 416 opus
809 346 903 398 sancti
920 342 1044 421 ¹Spiritus

217 427 376 485 demoniis
386 423 582 493 assignantes.
595 417 624 472 Si
640 422 741 471 eutem
751 411 988 493 decredentibus
1001 427 1044 493 vis

217 499 343 562 dictum,
359 495 480 551 exclusa
494 497 538 547 est
561 486 742 545 asseveratio
768 492 830 549 tua,
857 499 928 556 quia
941 496 1045 539 omnia

216 575 340 644 peccate
355 566 554 622 remittentur:
571 560 608 615 lii
622 560 669 630 qui
685 557 801 637 dicerit,
813 555 919 682 inFquit,
935 553 1044 635 verbani

215 648 311 701 centra
329 638 435 694 Filiam
450 632 577 696 dominis,
599 629 759 686 remittetur
777 643 811 682 ci.
836 698 841 708 .
864 641 917 698 rgo
933 641 995 681 sive
1013 640 1043 705 iii

218 715 320 775 ileum,
332 710 392 765 sive
405 711 434 763 in
446 705 593 761 Christum
606 705 755 773 peccetur,
769 702 935 755 remittetur
948 696 1042 752 bomi-

216 784 317 841 nibus.
332 779 439 838 Omnia
447 778 526 832 eniin
542 778 666 846 peccata
678 768 855 841 complexus
869 773 923 835 est,
938 772 1045 840 praeter

216 856 247 911 iii
261 851 402 926 Spiritum
418 852 567 905 sanctum.
596 846 699 915 ltaque
721 856 782 898 non
802 841 860 896 ιιοιι
888 844 1043 911 peccatum

216 925 280 982 vult
294 922 427 990 intelligi,
440 918 522 992 quod
537 920 678 989 peccatur
690 913 720 970 in
746 913 849 978 Deum,
865 911 923 966 lico
937 925 1002 991 esse
1017 913 1045 964 et

216 996 246 1053 iii
259 996 279 1051 S
304 994 402 1050 iritum
416 996 553 1047 sanctum
565 1003 572 1040 :
584 987 609 1042 si
619 987 697 1042 enini
704 984 761 1039 boc
773 990 859 1047 esset,
871 997 931 1037 non
943 987 1045 1060 utique

215 1013 301 1123 istud)
311 1066 468 1136 exciperet.
486 1059 634 1126 Quoniam
655 1071 726 1137 ergo
739 1053 824 1135 aliud
836 1058 990 1124 peccatum
1004 1067 1044 1105 si-

237 1137 348 1201 nificat,
365 1149 434 1191 cum
461 1131 689 1204 blasphematur
703 1142 733 1182 in
750 1128 891 1205 Spiritum
907 1128 1045 1179 sanctum

215 1154 268 1283 ῗαιι
282 1221 443 1281 personam
460 1204 539 1259 enim
556 1200 683 1273 pertinet
696 1198 753 1253 boc
768 1196 892 1259 dictum,
918 1209 978 1249 non
1005 1193 1045 1249 ad

216 1286 358 1338 naturam
369 1277 494 1348 Spiritus
511 1272 619 1340 sancti)
631 1290 637 1335 ;
651 1271 713 1325 sive
724 1269 787 1348 'aui
795 1265 984 1322 credentibus
994 1279 1045 1346 per

215 1351 432 1425 praeliantium,
449 1347 511 1401 sive
537 1343 643 1398 laturis
659 1285 848 1396 credentibus
863 1351 916 1409 per
933 1340 1046 1417 Baptis-

218 1439 313 1486 mum,
325 1419 427 1476 omnia
453 1415 638 1472 remittentur
653 1417 784 1485 peccata.
802 1408 885 1473 Quod
901 1412 1000 1488 antem
1015 1422 1044 1461 iri

218 1494 361 1565 Spiritum
378 1495 517 1545 sanctum
541 1487 739 1556 peccaverunt
750 1480 856 1562 ludaei,
868 1477 928 1534 alia
951 1494 1045 1560 caiisa

216 1570 306 1631 est,et
316 1578 383 1634 quie
393 1561 431 1615 ad
444 1566 564 1629 tempus
576 1555 651 1611 illud
663 1554 811 1627 pertinuit.
824 1551 907 1606 lliide
916 1565 976 1604 nou
988 1549 1044 1629 illis

215 1635 276 1693 hoc
288 1631 407 1698 remitti,
421 1645 518 1702 neque
532 1629 589 1693 liic,
605 1641 702 1697 neque
715 1625 743 1679 iu
757 1623 889 1704 iqturnm
905 1620 1043 1676 ostendit.

216 1709 280 1764 lion
293 1707 372 1760 enim
381 1717 480 1758 erroro
491 1695 726 1771 peccaveroutia
737 1696 879 1764 Spintum
894 1697 1043 1756 sanctum,

217 1763 1044 1844 sedmalevolentia.Scienteseuimprudentesqueope-

215 1862 250 1904 ra
265 1863 333 1919 quae
349 1844 492 1901 videbant
506 1842 534 1896 iii
561 1841 651 1910 gestis
681 1838 842 1894 salvatoris
856 1834 907 1915 liei
923 1850 997 1897 esse,
1015 1838 1046 1888 ut

215 1919 362 1992 populum
376 1933 394 1972 a
408 1916 468 1970 tide
496 1914 561 1982 ejus
576 1914 752 1975 auerterent,
776 1907 839 1962 boec
862 1904 1045 1985 simulabant

216 2005 284 2047 esse
295 1987 438 2071 principis
450 1983 680 2040 daemoniorum.
693 1980 765 2060 ilinc
775 1985 820 2032 est
831 1975 911 2033 uude
920 1977 990 2056 dicit
1001 1991 1044 2030 eis

217 2064 373 2120 Dominus,
386 2058 434 2114 Vos
447 2052 656 2111 linietisolaoem
668 2053 798 2115 scantia,
810 2055 836 2103 et
846 2064 892 2102 nec
901 2064 945 2102 eos
957 2052 1045 2102 intra·

218 2134 263 2198 tis,
278 2148 325 2187 nec
344 2131 415 2186 alios
428 2128 523 2183 sinitis
541 2126 649 2179 intrare
664 2122 741 2190 (Lac.
758 2120 951 2199 sabellinae
974 2133 1045 2187 ergo

218 2203 364 2260 scatentia
372 2204 475 2257 contra
483 2195 648 2253 malevolos
659 2190 942 2273 prolataestqiiibns
953 2204 1045 2270 reme-

215 2262 1045 2340 diuminveniriuonpotestutsalventur.Nibilestcnim

216 2345 274 2403 boc
285 2345 409 2401 crimine
422 2341 541 2415 gravius
554 2356 559 2393 :
573 2336 655 2406 fingit
665 2336 746 2391 enim
758 2334 867 2389 ialsuin
877 2347 950 2396 esse,
962 2330 1045 2402 quod

217 2416 272 2473 scit
284 2432 348 2472 esse
363 2429 479 2470 verum.
494 2410 590 2466 ludaei
603 2408 683 2463 enim
698 2405 750 2479 qui
765 2403 886 2486 sublici
901 2402 1045 2485 legalesse

215 2487 406 2551 videbantur,
422 2484 592 2557 quibusque
602 2479 681 2535 lacta
696 2490 856 2550 promissio
871 2474 977 2529 Christi
989 2479 1042 2538 est,

214 2559 350 2615 videntes
363 2554 524 2627 magnalia,
538 2558 567 2608 el
580 2550 776 2617 intelligentes
795 2547 852 2603 hoc
877 2561 941 2600 esse
962 2544 1045 2616 qiiod

215 2630 398 2704 promiserat
411 2630 505 2695 beus;
521 2621 635 2678 invidia
656 2626 757 2676 caecati
771 2623 849 2684 sunt,
866 2623 897 2671 ιιι
911 2616 968 2671 ιιοιι
980 2630 1044 2670 esse

215 2707 361 2771 negarent
372 2717 379 2767 ;
395 2705 423 2754 et
435 2712 495 2752 non
511 2693 607 2749 solum
620 2694 773 2762 negarent,
789 2688 841 2745 sed
852 2692 1045 2768 etperseque-

218 2779 321 2829 rentur
335 2786 431 2842 usqne
448 2768 486 2823 ad
502 2771 642 2821 mortem.
670 2766 734 2819 Non
749 2775 820 2830 ergo
840 2758 973 2840 ¹dignum
989 2763 1042 2821 est,

216 2834 762 2913 istispeccatnmhocunquamdebere
773 2835 891 2911 remitti,
902 2844 1045 2910 quicons3

216 2912 327 2971 cientia
340 2916 487 2975 suateste,
501 2911 572 2973 ileo,
585 2908 634 2963 cui
645 2904 966 2983 sedevotosdiccbant,
978 2915 1043 2954 ausi

217 2991 287 3040 sunt
301 2997 479 3056 repugnare.
494 2977 674 3036 Utautemin
690 2975 783 3030 Deum
795 2973 840 3028 uel
854 2988 882 3053 iii
895 2973 1043 3053 Christum

214 3061 364 3129 peccetur,
390 3054 514 3110 diversae
539 3055 732 3105 suutoausae.
759 3047 908 3100 nutenim
935 3042 1043 3125 aliquis

215 3127 289 3184 dum
306 3124 438 3182 felicitati
457 3122 581 3188 alterius
604 3119 726 3183 invidet,
741 3116 844 3198 dolore
868 3114 1044 3196 humilitatis

216 3214 279 3255 sues
292 3197 455 3266 insurgitin
470 3193 713 3257 Creatorem;aut
726 3186 838 3269 aliqui-d
853 3192 1042 3265 repentinum

209 3269 405 3353 passusquod
415 3267 453 3322 sit
467 3263 678 3327 aduersuin,in
689 3258 874 3338 iracundiam
884 3260 1041 3337 excitatus,

208 3356 241 3398 ιιι
259 3345 410 3413 parentem
427 3337 591 3405 injuriosus
601 3332 708 3388 existit.
721 3329 936 3408 Christiantem
948 3341 1043 3407 iucar-

208 3414 291 3469 natio
305 3410 396 3467 etiam
407 3410 446 3465 ad
455 3405 596 3478 injuriam
606 3403 777 3475 provocat¹.
790 3400 1043 3481 Dumenimigno·

208 3489 275 3542 rani
292 3481 431 3539 homiues
446 3482 666 3534 sacramentum
680 3474 825 3528 incarnati
840 3469 1042 3534 Christablas·

209 3556 366 3627 phcmant‚
380 3551 539 3633 indignum
553 3546 696 3602 ducentes
712 3544 737 3598 si
755 3542 843 3598 Filius
858 3540 920 3622 liei,
935 3543 987 3612 qui
999 3539 1042 3594 iu-

209 3626 375 3698 corporalis
391 3630 488 3679 elsim
512 3619 577 3675 licis
592 3622 702 3673 naturae
716 3617 772 3679 est,
786 3613 943 3693 hominum
958 3625 1041 3666 more

208 3704 299 3753 natus
315 3696 444 3751 dicatur.
470 3636 687 3763 brasphemaui
707 3700 788 3766 ergo,
816 3699 888 3765 qnia
901 3687 1042 3764 ignorant

209 3768 399 3841 mysterium.
412 3761 616 3832 Quamobrem
632 3773 784 3815 conuersis
796 3755 844 3837 bis
859 3752 1041 3825 porrigenda

209 3846 254 3894 est
262 3853 382 3907 manns,
393 3837 465 3909 quia
473 3835 514 3890 sic
527 3838 631 3889 contra
641 3845 746 3885 verum
755 3830 895 3907 existunt,
905 3825 1041 3905 dumpro

208 3924 280 3965 vero
297 3924 329 3963 se
345 3908 441 3964 iacere
469 3905 661 3962 arbitrantur.
681 3903 787 3957 Torius
815 3896 989 4022 buqusmodi
1012 3900 1041 3951 et

209 3979 420 4049 exungulatus,
436 3978 494 4034 lioc
504 3991 608 4031 verum
620 3986 683 4028 esse
694 3970 775 4027 dicit.
787 3984 860 4048 qno¹
881 3982 1039 4048 perseque-

206 4050 298 4108 batur
313 4055 332 4104 ¹.
349 4050 389 4105 Su
415 4046 620 4104 rememorati
649 4047 750 4097 autem
766 4039 861 4093 Jndaei
878 4038 958 4093 alind
972 4053 1041 4092 sen·

207 4126 320 4186 serunt,
334 4128 362 4177 et
372 4064 452 4176 afiud
464 4122 599 4191 egerunt,
610 4113 659 4187 qui
667 4114 731 4168 siue
739 4109 841 4183 judice
853 4115 881 4165 et
892 4107 1038 4190 carnifice,

208 4193 390 4252 conscientia
401 4207 458 4247 sua
468 4192 543 4246 teste
554 4201 671 4256 semper
687 4187 874 4255 torquentur.
890 4178 946 4248 Qui
959 4195 1039 4235 enim

227 4282 259 4322 er
278 4280 409 4320 errorem
423 4262 563 4318 iuimicus
577 4256 686 4312 exstitit
701 4270 782 4318 vero,
794 4268 863 4307 cum
874 4266 1039 4306 conversus

207 4283 306 4401 fuerit,
323 4338 435 4405 gaudet
449 4331 625 4403 cognovisse
640 4342 671 4382 se
683 4327 836 4381 veritatem
852 4340 859 4378 :
874 4320 1039 4377 malevolus

208 4414 309 4466 autem
326 4422 388 4462 uon
404 4404 494 4461 babet
506 4401 589 4474 quod
607 4397 746 4455 emendet
756 4414 764 4468 ;
783 4395 807 4450 si
824 4394 904 4475 cuim
916 4406 1038 4449 couver-

208 4480 274 4536 terit
289 4495 330 4544 se,
354 4475 476 4548 incipiet
492 4488 595 4528 rernm
615 4470 713 4525 dicere
734 4467 816 4540 quod
831 4463 1037 4551 prinslqlsnin

209 4566 275 4607 esse
291 4549 454 4604 nesciebat.
463 4544 583 4626 Spiritui
596 4538 906 4620 autemsanctoutiiat
917 4550 1038 4617 iniuria,

208 4636 304 4677 causa
314 4619 397 4675 nulla
407 4619 506 4675 existit
517 4633 523 4671 :
536 4613 667 4670 oliioium
681 4611 760 4667 enim
771 4607 1037 4689 eiiisoiiensionem

207 4706 269 4749 non
280 4691 367 4762 parit,
383 4690 457 4761 qnia
469 4688 498 4742 in
510 4688 616 4742 virtute
629 4685 785 4752 signorum
797 4685 824 4736 et
835 4679 1038 4752 prodigiorum

206 4777 247 4845 ap
270 4766 341 4817 aret.
357 4761 428 4826 ouis
444 4760 522 4815 enim
534 4755 687 4813 insibilare
701 4757 826 4834 ’contra
837 4767 905 4832 eum
917 4749 1037 4831 audeat,

206 4779 311 4890 viJens
326 4839 463 4888 mortuos
476 4830 621 4885 excitatos
644 4827 731 4881 tant
755 4830 823 4895 quis
838 4826 985 4903 irascatur
999 4834 1037 4884 ei,

206 4905 293 4977 culus
307 4902 414 4960 effectu
436 4901 538 4957 videat
552 4901 704 4954 currentes
733 4893 926 4967 paralyticos,
942 4905 1038 4946 caecos

206 4976 308 5034 lumen
325 4975 469 5045 accipere,
485 4968 593 5025 surdos
608 4967 799 5023 audire‘tnut
809 4960 963 5035 quomodo
976 4977 1036 5043 nori

207 5048 324 5106 amabit
338 5062 420 5109 auin,
439 5057 531 5115 quem
547 5039 647 5095 videat
662 5037 786 5120 spiritns
798 5032 973 5114 immundos
986 5046 1037 5114 eii·

209 5136 285 5185 cere,
296 5117 434 5190 leprosos
452 5111 609 5175 mundare,
622 5115 650 5165 et
664 5106 751 5164 simul
765 5120 870 5188 oui-nes
884 5103 1038 5160 infirmita·

207 5196 250 5247 tes
266 5189 390 5247 curare?
400 5186 475 5241 Huic
486 5184 500 5239 J
505 5181 582 5238 ndoei
598 5179 768 5236 maluerunt
778 5179 916 5258 iniuriam
929 5174 1036 5241 iacere,

207 5277 285 5335 opus
299 5262 366 5333 ejus
381 5259 514 5314 dicentes
529 5268 607 5327 opus
624 5267 688 5308 esse
703 5250 934 5313 demoniorum,
951 5247 1038 5302 dum·

205 5334 299 5391 modo
325 5331 469 5388 invidiam
487 5332 579 5399 atque
605 5323 710 5380 odium
726 5324 829 5378 contra
852 5318 1037 5376 salvatorem

238 5509 246 5541 ¹
263 5511 325 5562 lisa.
343 5510 467 5566 colbert,
480 5506 674 5558 Cisistoaateia
685 5499 833 5551 incarnatio
845 5510 893 5547 saa
909 5495 1037 5560 iniuriam

207 5578 340 5637 prouocat,

237 5635 248 5667 ¹
261 5633 310 5683 lis.
326 5632 451 5689 colbert..
466 5631 590 5694 sequitur.

237 5695 313 5751 'Hs
331 5694 456 5752 colbert,
472 5692 583 5743 insitire.

740 141 973 215 QUAESTIONES
992 138 1039 199 EX
1062 138 1231 214 UTROQUE
1252 142 1393 205 MIXTIM.

1859 151 1928 211 23st

1102 273 1293 329 exercentes¹
1307 272 1474 346 explerent:
1488 274 1600 333 idcirco
1612 290 1713 349 neque
1723 275 1787 342 hic,
1801 292 1902 351 neqm
1911 280 1938 337 iii

1102 341 1246 410 loturum,
1268 344 1326 400 lioc
1352 352 1510 427 peccatum
1535 349 1643 405 remitti
1661 349 1705 405 eis
1720 350 1869 405 ostendit.
1885 350 1939 409 Sed

1103 416 1295 481 donatianus,
1304 418 1424 489 llaJora,
1438 417 1546 489 inquit,
1558 420 1684 476 crimina
1698 422 1889 478 nominatim
1901 438 1939 479 re·

1102 487 1176 541 mitti
1189 487 1362 558 probentur,
1375 488 1404 544 id
1418 494 1471 555 est,
1481 489 1650 547 idololatria
1659 498 1688 548 et
1697 492 1865 549 fornicatio
1877 502 1938 565 post

1101 557 1939 645 lavacrumldcircoeniminBaptism0,ait,simnlomnia

1102 629 1292 685 remittuntur
1318 636 1449 703 peccata,
1464 637 1497 688 ut
1515 632 1675 690 decaetero
1703 649 1732 689 ei
1758 634 1839 707 quid
1854 650 1939 705 graie

1102 701 1315 766 commiserint,
1339 702 1421 759 nullo
1438 704 1528 759 inodo
1545 706 1662 762 veniam
1684 712 1937 777 consequentur,

1102 771 1172 842 qnia
1183 778 1249 842 post
1259 779 1416 845 acceptum
1428 774 1567 848 Spiritum
1576 778 1826 849 sanctum,quod
1840 784 1939 836 contra

1103 843 1244 914 Spiritum
1252 850 1451 911 sanctumesl,
1461 846 1577 903 admitti
1588 848 1848 914 nondebet.0uis
1858 856 1939 920 neget

1104 916 1217 985 peccari
1227 930 1383 987 nunquam
1399 916 1518 982 debere,
1533 918 1558 973 si
1568 924 1646 975 esset
1658 917 1811 991 possibile
1825 920 1841 975 ι
1854 920 1937 979 Porro

1103 991 1204 1041 autem
1215 987 1311 1041 scieris
1320 987 1610 1059 Deuslragilegenus
1619 989 1812 1055 humanum,
1826 1007 1938 1064 semper

1102 1056 1242 1112 remediis
1252 1055 1434 1115 salutaribus
1442 1066 1617 1132 prosecutus
1627 1067 1671 1117 est
1682 1067 1798 1128 soant
1806 1068 1938 1134 postpec-

1102 1131 1170 1182 cata
1196 1127 1341 1185 baberent
1354 1131 1510 1201 quomodo
1536 1146 1568 1186 se
1582 1138 1774 1204 repararent.
1794 1133 1827 1189 Si
1843 1140 1937 1192 autera

1102 1196 1230 1271 Spiritus
1242 1199 1331 1256 datus
1346 1201 1485 1271 prohibet
1499 1204 1695 1274 peccantibus
1711 1203 1784 1260 dari
1796 1204 1937 1276 poenitea·

1101 1270 1186 1332 tiam,
1202 1270 1284 1327 nulla
1300 1272 1483 1340 providentia
1497 1278 1544 1329 est
1555 1274 1585 1330 iii
1596 1275 1683 1330 Novo
1693 1277 1937 1340 Testamento,el

1102 1340 1368 1398 meliusvidebitur
1379 1345 1528 1400 veteribus
1536 1345 1706 1416 provisum,
1717 1346 1841 1418 quibus
1854 1347 1938 1403 medi·

1102 1413 1169 1467 ciria
1182 1414 1238 1467 ista
1253 1414 1377 1469 minime
1392 1419 1437 1470 est
1451 1415 1608 1484 denegata.
1621 1419 1653 1472 Et
1664 1418 1837 1489 quomodo
1850 1421 1937 1489 major

1102 1482 1200 1552 gretia
1210 1490 1253 1540 cst
1266 1485 1484 1568 induroquam
1496 1488 1525 1543 in
1534 1488 1629 1544 Veteri
1639 1488 1654 1545 i
1664 1491 1744 1544 Nam
1756 1488 1821 1545 hoc
1833 1490 1937 1546 inimici

1101 1559 1155 1620 esi,
1164 1556 1215 1626 qui
1223 1555 1751 1631 soieushominibnsaliterprovideri
1763 1575 1832 1616 non
1845 1577 1936 1634 posse,

1102 1631 1133 1680 ιιι
1146 1628 1322 1696 perveniant
1336 1628 1523 1695 adsalutem,
1538 1646 1633 1703 quain
1648 1632 1829 1687 interventu
1848 1634 1938 1704 poeai-

1102 1697 1211 1763 tentiae,
1227 1698 1368 1770 Spiritum
1384 1705 1523 1756 sanctum
1548 1703 1607 1767 det,
1621 1704 1669 1757 cui
1693 1703 1718 1757 si
1733 1703 1853 1773 injuria
1867 1704 1937 1761 iacta

1102 1766 1190 1823 inerit
1205 1773 1286 1824 metii
1299 1770 1414 1843 aliquo.
1431 1778 1482 1827 aut
1497 1788 1549 1843 per
1564 1772 1698 1846 aliquem
1714 1789 1865 1839 errorem,
1879 1775 1936 1846 jam

1101 1839 1265 1895 satisfactio
1272 1840 1370 1897 lucum
1380 1841 1750 1900 noiibabeatreiormandi
1762 1846 1935 1913 hominem

1100 1909 1158 1965 hoc
1173 1917 1219 1966 est
1231 1913 1421 1969 occasionem
1440 1915 1594 1986 quaesiisse
1609 1915 1761 1988 perdendi
1789 1917 1934 1982 homines,

1102 1997 1162 2037 non
1177 1981 1324 2038 salvandi.
1338 1983 1396 2039 Sed
1411 1984 1500 2051 absit,
1516 1987 1588 2058 quia
1612 1988 1764 2043 Dominus
1782 1989 1836 2054 ait,
1852 1989 1935 2044 Filias

1101 2052 1217 2108 luminis
1230 2071 1283 2109 aon
1298 2055 1373 2111 venit
1388 2057 1494 2112 animas
1507 2056 1631 2129 perdere,
1644 2057 1692 2113 sed
1718 2059 1845 2114 salvare.
1862 2060 1931 2127 (Lac

1101 2140 1138 2190 ii,
1153 2126 1210 2195 56).
1224 2129 1297 2181 Nam
1310 2127 1333 2181 si
1345 2126 1433 2183 nobis
1442 2137 1575 2200 peccata,
1586 2145 1653 2200 quse
1662 2133 1694 2185 ia
1707 2146 1766 2186 uos
1776 2147 1932 2201 peccamus

1101 2196 1240 2264 inuicem,
1254 2197 1277 2252 si
1294 2204 1514 2264 convertamur,
1525 2202 1696 2271 septuagies
1707 2205 1827 2271 septies
1833 2200 1930 2259 reiiiitti

1101 2283 1120 2322 a
1133 2267 1549 2342 uouisalteiuiruinpraeepii
1561 2275 1636 2326 bens
1647 2272 1767 2341 (Martii.
1781 2289 1865 2339 xviii,
1876 2273 1930 2343 eei:

1101 2342 1215 2409 quanto
1242 2340 1338 2409 magis
1354 2342 1429 2412 ipse,
1446 2342 1470 2396 si
1484 2342 1514 2397 in
1530 2342 1614 2398 illum
1630 2349 1787 2415 peccetur,
1815 2346 1931 2414 ignoscit

1100 2409 1276 2465 conversis?
1290 2412 1416 2468 Omnem
1431 2414 1511 2467 enim
1523 2419 1712 2484 peccatorem
1720 2418 1858 2472 converti
1867 2416 1928 2471 uult

1102 2481 1184 2536 Unde
1195 2484 1353 2554 Apostolus
1369 2483 1535 2539 fornicariis
1543 2489 1571 2541 et
1584 2485 1757 2541 immundis
1778 2488 1929 2543 remissum

1100 2555 1208 2622 probat
1222 2554 1335 2623 dicans,
1351 2554 1392 2609 Ne
1407 2556 1476 2623 sorte
1488 2557 1594 2611 ocaieiu
1607 2556 1712 2627 lapsam
1725 2558 1833 2613 inultos
1843 2557 1929 2619 salia

1099 2623 1148 2705 qui
1158 2629 1220 2678 ante
1232 2631 1416 2694 peccauerunt,
1428 2633 1452 2680 et
1462 2643 1516 2682 non
1527 2635 1638 2699 egerant
1648 2629 1846 2699 penitentiam
1856 2644 1928 2700 saper

1100 2694 1277 2750 immunditia
1283 2703 1307 2752 et
1318 2698 1511 2768 soi-nimtione,
1521 2715 1601 2771 quam
1610 2706 1755 2770 generunt
1767 2700 1806 2772 (ll
1816 2702 1926 2765 Curari,

1099 2768 1156 2823 ιιι.
1172 2766 1436 2840 Probatquosdam
1444 2772 1539 2839 egisse
1548 2772 1927 2845 poenitentiam,dequibus

1099 2838 1926 2923 noudolet,sedgaudet:aliqnosautemsignifieatmcn

1099 2907 1928 3065 triritnuniiinstitistisinritent

1100 3065 1160 3105 non
1175 3058 1299 3120 egerunt
1311 3054 1527 3125 poenitentiain.
1543 3056 1571 3111 Si
1584 3056 1664 3111 enini
1681 3056 1866 3127 hujusmodi
1878 3072 1926 3113 cn·

1099 3122 1188 3178 minis
1204 3125 1234 3179 ιιι
1248 3124 1304 3179 bac
1320 3126 1381 3180 vita
1396 3139 1514 3197 semper
1526 3127 1645 3196 agenda
1661 3129 1926 3197 poenitentiaessct.

1098 3208 1158 3247 non
1172 3193 1283 3251 diceret
1296 3194 1397 3266 lugere
1412 3211 1442 3251 se
1468 3213 1531 3261 eos,
1546 3199 1698 3268 quianon
1727 3205 1870 3269 egerunt,
1884 3197 1927 3254 sed

1098 3265 1240 3335 quianon
1254 3274 1355 3336 agunt.
1365 3268 1465 3323 Sciens
1475 3274 1576 3324 autem
1587 3269 1636 3325 bio
1644 3270 1828 3342 etincipi,et
1837 3270 1926 3343 peragi

1099 3337 1926 3411 poeuitentiam,ait,quianonageraatdlocenimrolebet,

1098 3414 1130 3461 ut
1143 3408 1266 3462 veniens
1274 3410 1313 3464 ad
1322 3424 1372 3465 eos
1384 3426 1489 3480 pacem
1501 3408 1704 3467 haberetcum
1716 3415 1926 3470 communione

1097 3492 1211 3534 eorum.
1228 3481 1299 3535 licce
1313 3481 1473 3551 probatum
1489 3487 1543 3546 est,
1560 3482 1731 3539 fornicariis
1747 3490 1824 3556 post
1838 3491 1924 3541 actam

1096 3549 1299 3621 poenitentiam
1310 3552 1599 3609 communicandum
1609 3569 1688 3610 esse.
1701 3557 1770 3611 Non
1782 3557 1865 3612 enirn
1882 3570 1925 3627 po

1097 3626 1152 3675 test
1168 3621 1222 3676 illis
1234 3623 1450 3679 communicari
1462 3625 1608 3696 quamdiu
1621 3630 1735 3694 agunt:
1749 3634 1825 3683 tunc
1837 3631 1924 3683 auten

1096 3693 1381 3749 communicandum
1396 3700 1450 3760 est,
1466 3711 1534 3752 cnm
1555 3695 1699 3753 desinunt
1714 3713 1810 3768 agere
1820 3698 1923 3769 judicio

1096 3762 1245 3819 Ecclesia.
1262 3767 1345 3821 Nunc
1360 3773 1495 3835 superest
1507 3766 1607 3822 videre
1620 3783 1659 3823 aii
1681 3769 1858 3840 specialiter
1870 3768 1924 3825 ido·

1095 3831 1207 3890 lolatris
1221 3850 1309 3906 posse
1334 3838 1441 3892 remitti
1457 3838 1632 3908 probemus.
1644 3838 1795 3909 Legimus
1811 3840 1921 3897 enimin

1096 3905 1277 4031 apocaquisi
1299 3907 1377 3963 beati
1397 3907 1522 3964 loannis
1547 3909 1689 3981 apostoli,
1719 3913 1922 3983 poenitentiaru

1095 3992 1214 4057 superi
1239 3977 1375 4033 ololatria
1399 3979 1566 4050 praedicari.
1594 3983 1921 4039 Commoneniureaim

1095 4048 1237 4119 episcopi,
1273 4063 1327 4103 iios
1340 4049 1465 4119 angelos
1481 4056 1576 4116 vocat,
1592 4051 1624 4107 id
1644 4061 1691 4109 est
1705 4056 1844 4119 nuntios,
1859 4055 1922 4109 sicut

1094 4124 1123 4174 et
1144 4118 1250 4175 beatus
1288 4121 1375 4176 aulus
1404 4121 1559 4194 aposlolus
1581 4124 1632 4190 ait,
1646 4123 1728 4180 Sient
1744 4142 1783 4180 aii
1802 4122 1921 4181 stanni

1094 4191 1234 4261 accepistis
1255 4206 1299 4248 nie
1312 4191 1415 4263 (Galat.
1431 4208 1470 4253 iv,
1503 4195 1553 4262 tlt,
1579 4201 1611 4251 ut
1637 4144 1844 4266 peccantibus
1860 4195 1920 4251 dent

1094 4261 1917 4345 poenitentiam,neceospatianturmiuimecommoneri

1093 4333 1145 4458 qui
1158 4334 1301 4389 scandala
1314 4333 1427 4390 iaciunt
1438 4351 1466 4391 in
1480 4336 1619 4402 Ecclesia,
1631 4352 1704 4393 cnm
1713 4338 1776 4394 sint
1789 4347 1817 4396 et
1828 4339 1879 4411 ipsi
1888 4336 1918 4389 de

1117 4404 1233 4460 eclesia.
1260 4405 1333 4460 llicit
1359 4421 1441 4474 ergo,
1459 4408 1497 4462 Et
1519 4408 1613 4477 angelo
1639 4408 1778 4480 Pergami
1803 4407 1918 4466 Ecclesia

1092 4474 1177 4529 scribe
1192 4494 1201 4525 :
1215 4475 1281 4531 Hac
1294 4476 1371 4541 dicit,
1387 4480 1433 4549 qni
1444 4476 1520 4532 habet
1533 4479 1657 4549 gladium
1671 4498 1706 4535 es
1716 4489 1841 4553 ati-oque
1852 4485 1916 4551 parit

1093 4552 1212 4611 matum,
1228 4546 1287 4602 Scio
1299 4548 1347 4604 ubi
1359 4548 1476 4609 liabitas.
1489 4549 1616 4605 ubi'sedes
1627 4558 1666 4606 est
1680 4559 1794 4610 wione
1804 4573 1815 4610 .·
1824 4557 1849 4609 et
1859 4559 1917 4607 teia

1093 4632 1188 4672 nomen
1202 4634 1298 4683 meam,
1322 4627 1413 4675 ciaon
1429 4623 1533 4692 negasti
1558 4621 1636 4692 fiileiii
1659 4639 1759 4687 meam,
1774 4628 1805 4678 iii
1828 4622 1914 4678 duta

1093 4687 1188 4759 quibus
1199 4688 1317 4760 Antipus
1332 4693 1408 4746 testis
1419 4708 1491 4746 meas
1504 4692 1679 4761 fidelissimus
1690 4697 1800 4750 occisio
1809 4702 1848 4751 est
1856 4688 1914 4765 αμι

1092 4775 1147 4827 eos,
1164 4759 1455 4818 alii'satanasliabi‘tot.
1471 4762 1521 4818 Sed
1544 4763 1775 4821 animadversus
1795 4774 1912 4892 tem

1130 4833 1157 4885 ia
1170 4830 1247 4887 dobes
1260 4832 1318 4888 illic
1328 4841 1445 4890 tenentes
1457 4833 1609 4890 doctrinam
1629 4834 1814 4911 Raiaam.qai'

1117 4901 1177 4958 alac
1196 4904 1306 4959 mittere
1330 4905 1487 4960 εωιιιιιιιιιιιι
1513 4907 1561 4961 aab
1583 4907 1670 4962 oculis
1688 4908 1817 4979 lilios-inii
1832 4902 1910 4967 leel

1092 4974 1257 5029 munducare
1268 4975 1397 5040 delibata,
1409 4984 1434 5032 et
1447 4977 1590 5045 fornicari
1600 4980 1656 5033 :ita
1671 4987 1736 5037 etta
1750 4981 1831 5035 babes
1839 4989 1909 5035 teia

1092 5045 1906 5123 tesdatianumlvicotaiicram.simitiisi·opepoeniienin.

1093 5118 1173 5172 llauc
1184 5118 1255 5173 dicit
1267 5134 1333 5174 esse
1345 5119 1512 5175 doctrinam
1523 5120 1741 5178 Nicolaitarum
1752 5139 1824 5205 qnae
1836 5122 1908 5177 liiitet

1093 5189 1222 5250 Balaam,
1239 5188 1271 5246 id
1286 5194 1340 5257 est,
1356 5190 1556 5248 idololatriam
1577 5198 1607 5248 et
1630 5187 1907 5255 fornicationem,de

1091 5274 1153 5382 qua
1164 5260 1250 5331 jubet
1262 5262 1309 5331 agi
1326 5263 1545 5333 paenitentiam.
1559 5264 1592 5318 lit
1602 5264 1676 5336 quia
1688 5258 1906 5322 hominibnslle

1091 5332 1186 5387 casiae
1201 5332 1339 5403 loquitur,
1356 5333 1486 5388 ostendit
1507 5334 1622 5399 dicens,
1642 5334 1710 5391 Hac
1722 5336 1794 5391 dicit
1807 5333 1906 5409 ειινῐιιιι

1090 5400 1229 5458 Ecclesia.
1246 5404 1316 5468 Quis
1330 5408 1431 5461 autern
1445 5402 1555 5459 fructos
1570 5412 1616 5461 est
1686 5406 1906 5471 sitandeins

1091 5474 1223 5543 gnificat,
1233 5474 1548 5548 Vincenti,inqnit,dcio
1691 5468 1906 5547 minutiusqued

1091 5551 1128 5600 est
1140 5544 1325 5602 absconditam
1337 5563 1348 5613 ,·
1369 5552 1400 5603 ut
1413 5561 1467 5620 per
1492 5548 1703 5618 poeniteutiam
1719 5550 1809 5623 quasi
1823 5544 1905 5606 emoti

1119 5680 1128 5713 ¹
1144 5679 1193 5730 lle.
1205 5678 1337 5739 count„
1352 5679 1421 5747 qaod
1436 5679 1504 5731 eirca
1518 5678 1688 5733 Salaciam
1698 5682 1855 5735 meam
