3952 6150
132 252 209 316 ttttt
299 262 311 274 ‘
559 254 826 326 QttAEsututttJtt
850 257 1174 335 svnuuuututtutt,
1198 263 1229 323 S.
1254 260 1472 325 AUGUSTINI
1812 268 1889 327 13³2

130 386 255 444 istamin
265 402 324 460 quo
338 386 484 458 superbus
500 387 643 457 tumebat,
667 388 823 446 adamavit.
841 389 980 446 Lazarum
1035 407 1087 448 nco
1102 392 1327 451 Christouolunt
1341 393 1468 451 credero.
1480 391 1570 450 ttntto
1581 392 1681 453 minus
1692 412 1760 470 ergo
1770 398 1890 455 cuilibet

129 486 225 535 autern
236 477 392 535 maledicit
405 476 558 551 recepisse,
580 479 650 550 quia
664 478 904 553 intellexitbujns
915 481 978 538 citu
1033 486 1156 552 possunt
1169 483 1287 539 credere
1302 482 1353 555 qui
1374 500 1390 539 a
1406 484 1528 539 mortuis
1553 486 1754 556 resurrexerit,
1770 490 1888 560 quaudo

129 567 344 635 mortalitatem,
362 567 487 638 labores,
508 568 633 640 dotores,
654 574 683 625 et
706 587 863 639 erumnas,
879 588 978 644 ptenas
1031 572 1056 626 ei
1074 588 1130 627 non
1147 573 1281 641 credunt,
1297 574 1380 645 cujus
1397 572 1638 631 resurrectionem
1656 577 1763 650 ltoyscs
1775 584 1801 635 et
1819 578 1889 635 Pro-

128 672 192 714 esse
203 658 312 729 peccati
324 675 331 713 :
343 658 598 731 dequoscriptnm
614 663 668 727 est,
686 663 809 716 Eromns
829 665 855 716 et
869 677 979 717 norne-
1032 662 1125 732 pirate
1142 661 1383 733 praedicaverunt,
1397 664 1503 735 quibus
1519 665 1634 720 credere
1649 664 1760 721 nolunt.

128 748 259 805 tarutiter
286 748 342 820 fitis·
369 752 429 820 t'rae,
444 751 516 806 sicut
542 753 568 806 et
596 750 689 806 ceteri
706 752 811 822 (aptes.
835 768 865 821 ιι,
881 752 926 819 3);
943 752 978 807 ds
1063 750 1154 807 Aliter
1168 752 1256 808 stiam
1283 751 1405 824 intelligi
1433 758 1527 824 potest
1552 754 1608 809 ista
1634 756 1770 825 narratio,
1788 762 1819 812 ut
1835 775 1884 829 per

127 856 185 912 quo
197 840 301 896 iterum
317 841 457 913 scriptum
468 849 581 910 sst,nea
592 841 825 911 iniantemcujus
836 848 879 896 est
890 842 978 897 onius
1032 845 1171 897 Lazarum
1186 841 1344 898 Dominum
1360 842 1517 914 significari
1534 841 1725 913 accipiamus,
1738 845 1885 914 jacentem

128 929 185 986 diei
201 930 356 1003 vitasuper
379 933 482 987 terram
502 929 645 985 mundum
667 943 730 985 esse
747 946 763 984 a
787 933 904 1001 peccato
921 928 978 1001 (tot
1032 930 1067 985 ad
1079 930 1202 1001 januam
1213 931 1293 988 illius
1308 930 1417 1000 divitis,
1429 930 1498 1002 quia
1512 948 1542 987 se
1556 934 1591 986 ad
1606 948 1690 988 aures
1710 936 1887 1004 superbissi-

42 1042 46 1053 ·
127 1018 864 1091 xtr,i,sec.LXX),quiaomuesutiqusiuAdam
889 1019 978 1075 mori·
1034 1036 1097 1077 mas
1111 1022 1277 1078 iudeorum
1293 1020 1503 1077 incarnationis
1519 1019 1682 1078 bumilitate
1696 1022 1889 1094 dejecit:cu·

129 1124 198 1164 mur
212 1108 236 1180 (1
253 1107 312 1164 Cor.
334 1124 380 1174 xv,
403 1108 461 1176 22),
487 1107 537 1179 qni
561 1108 655 1164 iactus
677 1110 721 1164 est
745 1108 979 1180 transgressione
1032 1112 1112 1177 piens
1123 1114 1246 1167 saturari
1260 1111 1293 1167 de
1304 1113 1382 1166 micis
1396 1126 1455 1182 quae
1469 1109 1601 1166 rodelont
1618 1110 1651 1167 de
1664 1127 1758 1169 mettre
1781 1112 1887 1186 diucitin,

128 1198 268 1255 mortalis.
1034 1214 1167 1269 quarens
1191 1199 1227 1256 ab
1242 1199 1284 1256 eis
1306 1198 1348 1255 vel
1365 1200 1486 1255 minima
1506 1216 1592 1272 opera
1601 1200 1732 1270 justitie,
1748 1219 1810 1273 qum
1826 1220 1885 1260 sua

164 1287 244 1352 Quod
255 1290 352 1343 eutem
363 1287 443 1356 dicit,
456 1289 491 1344 ad
504 1304 538 1345 ea
547 1289 612 1345 loca
628 1289 657 1344 in
680 1289 785 1360 quibus
806 1293 980 1360 torquentur
1033 1302 1152 1349 mensa,
1169 1288 1223 1346 huc
1248 1292 1302 1356 est,
1324 1305 1384 1344 suae
1409 1288 1541 1359 potestati
1562 1305 1612 1360 per
1635 1291 1801 1361 superbiam
1827 1310 1884 1349 nott

127 1375 222 1450 impii,
239 1375 349 1447 justos,
373 1378 461 1434 etiam
485 1377 509 1435 si
533 1378 632 1439 uelint,
652 1394 710 1434 non
736 1394 821 1449 posse
844 1378 977 1444 transire,
1034 1385 1401 1450 usurparen13quseopera
1417 1377 1622 1434 misericordias
1638 1383 1724 1450 atquc
1741 1380 1885 1439 bumilita-

127 1464 196 1538 quid
213 1465 291 1523 aliud
306 1466 460 1538 significat,
477 1466 534 1522 nisi
551 1471 617 1538 post
632 1466 707 1524 boue
722 1467 811 1523 vitam
838 1469 876 1523 ita
897 1482 977 1524 rece·
1033 1466 1080 1537 tis,
1090 1468 1223 1540 quamvis
1239 1465 1359 1522 minima
1374 1475 1400 1522 et
1411 1466 1474 1522 sinc
1486 1467 1556 1522 disci
1562 1466 1641 1539 plina
1656 1471 1685 1522 et
1695 1485 1884 1539 perseveran-

127 1553 666 1627 ptisincarcers,utnonindssxcant
681 1556 908 1613 doneoreddant
929 1572 979 1613 no·
1031 1558 1072 1615 tia
1099 1559 1163 1614 vito
1184 1558 1276 1624 bone,
1300 1553 1404 1611 saltem
1428 1555 1574 1611 interdurn
1590 1555 1633 1612 uel
1649 1573 1718 1614 casu
1747 1559 1886 1627 lacerent,

125 1645 281 1703 vissimum
298 1647 487 1720 quadrantem
499 1647 603 1719 (uniti.
620 1664 647 1717 v,
660 1648 717 1716 26),
742 1664 792 1718 per
814 1647 977 1704 incommu·
1032 1650 1106 1705 sieut
1122 1649 1202 1704 mica
1218 1648 1253 1703 ds
1268 1661 1368 1701 mensa
1378 1646 1482 1701 eadere
1494 1645 1599 1701 solent.
1612 1645 1725 1719 Ulcera,
1733 1649 1885 1720 passiones

125 1734 299 1792 tabilitatam
315 1736 416 1791 divinae
432 1737 593 1803 sententie,
605 1735 719 1793 uultum
730 1735 870 1792 auxilium
889 1735 975 1792 miss·
1032 1746 1102 1797 sunt
1117 1739 1232 1796 Domini
1248 1753 1283 1795 es
1305 1735 1474 1792 infirmitate
1493 1736 1600 1803 carnis,
1627 1753 1715 1809 quam
1733 1739 1884 1808 pronubis

128 1823 259 1881 ricordie
273 1840 358 1897 posse
374 1825 496 1897 praeberi
511 1825 639 1896 ajustis,
655 1825 743 1883 etism
759 1826 783 1882 si
799 1841 863 1882 eam
888 1825 977 1882 uelint
1032 1830 1180 1903 suscipere
1195 1828 1334 1900 dignatus
1349 1828 1403 1881 est.
1420 1824 1513 1881 Canes
1524 1842 1592 1898 ergo
1608 1829 1658 1898 qui
1675 1843 1710 1883 ea
1724 1828 1882 1899 lingebant,

125 1914 710 1984 timberti?0⁰⁰⁸dm0110l80ssi⁰01utin
731 1914 785 1971 hae
801 1915 859 1970 viia
879 1914 975 1971 homi·
1029 1921 1135 1977 Gentes
1155 1922 1235 1985 sunt,
1251 1932 1323 1987 quos
1341 1914 1477 1971 homines
1494 1920 1657 1985 peccatores
1672 1922 1701 1973 et
1715 1916 1884 1976 immundos

62 2062 65 2067 ,
124 2020 177 2062 nes
191 2003 482 2076 subreniautquibus
503 2007 638 2074 possunt,
661 2020 697 2060 ue
721 2012 821 2076 postca
837 2004 923 2061 etiam
950 2005 974 2061 si
1030 2011 1166 2066 dicebant
1180 2007 1287 2075 Judaei,
1299 2009 1434 2062 ettamen
1447 2006 1597 2076 passiones
1608 2007 1723 2063 Domini
1740 2008 1769 2062 in
1782 2007 1883 2064 Sacra·

124 2094 234 2166 optime
259 2093 364 2163 recepti
392 2092 509 2158 luerint,
526 2094 568 2149 eis
592 2109 665 2162 quos
689 2093 816 2165 diligunt
839 2093 974 2165 opitulari
1029 2099 1135 2155 mentis
1154 2097 1283 2168 corperis
1307 2103 1335 2150 et
1355 2093 1509 2165 sanguinis
1524 2095 1598 2164 ejus,
1628 2111 1679 2167 par
1703 2100 1795 2151 totum
1817 2098 1880 2168 jam

125 2181 822 2253 convaleant-illudunturduodetriptttmusb
841 2182 975 2254 Utetiptt'
1029 2189 1126 2245 orbem
1157 2187 1302 2244 suavitate
1332 2184 1467 2239 lambunt
1500 2183 1779 2241 devotissimuiam
1803 2188 1886 2242 sinus

124 2273 319 2344 recipiuntaut
333 2273 363 2327 in
378 2277 480 2327 aterne
502 2273 680 2328 tabernaculo
695 2271 771 2343 (tuo.
787 2288 846 2341 ιιι,
861 2272 899 2344 9),
916 2288 973 2329 uon
1028 2279 1150 2334 Abrabae
1162 2276 1336 2347 intelligitur
1350 2278 1497 2330 secretum
1513 2275 1607 2330 Patris
1622 2292 1677 2344 quo
1695 2281 1760 2348 post
1776 2276 1885 2348 passio·

125 2360 787 2435 desuperbisetimmisericordibusscriptum
807 2368 864 2429 est,
879 2363 974 2433 qualis
1028 2384 1095 2424 nom
1123 2381 1277 2437 resurgens
1298 2372 1467 2435 assumptus
1491 2366 1536 2419 est
1558 2364 1722 2420 Dominus:
1743 2382 1800 2437 quo
1819 2383 1886 2421 curu

123 2450 179 2507 iste
192 2450 273 2506 dives
289 2450 381 2507 luisse
396 2451 621 2520 demonstratur,
637 2452 713 2521 quod
731 2450 818 2522 recipi
834 2469 851 2507 a
865 2451 974 2509 sanctis
1029 2460 1176 2528 portatum
1194 2455 1229 2510 ab
1254 2454 1372 2525 Angelis
1392 2453 1456 2508 idso
1472 2453 1585 2509 dictum
1604 2464 1683 2525 puto,
1699 2457 1767 2526 quia
1790 2455 1883 2527 ipsam

2 2568 11 2589 ε
123 2543 154 2599 iu
169 2541 220 2598 illa
235 2539 421 2597 tabernacula
436 2544 620 2608 mercantum
637 2542 687 2595 sed
712 2539 748 2595 de
769 2539 816 2596 bis
841 2541 892 2612 qni
916 2542 971 2599 sibi
1028 2546 1222 2617 receptionem
1235 2560 1294 2613 qua
1306 2543 1335 2598 in
1352 2546 1494 2598 secretum
1508 2542 1602 2598 Patris
1619 2543 1769 2612 abscessit,
1783 2543 1886 2614 angoti

124 2632 235 2689 amieos
246 2629 469 2687 officiosissimis
479 2629 826 2701 operibnsmisericordiae
835 2632 971 2689 iecerint:
1029 2634 1277 2691 annuntiaverunt
1292 2630 1444 2703 discipulis
1457 2631 1647 2688 intuentibus.
1660 2632 1783 2688 Dicendo
1794 2633 1884 2702 enirn,

123 2735 361 2793 quanqusmnec
379 2719 459 2790 ipsos
484 2718 557 2791 justi
587 2718 664 2774 velut
693 2719 809 2791 propria
833 2725 973 2790 potestate
1030 2725 1100 2793 Quid
1115 2721 1366 2794 statianspics'entcs
1378 2723 1406 2776 in
1418 2720 1597 2791 caelumplct.
1612 2721 1885 2794 1‚tt)‘tquidattud

123 2809 209 2880 quasi
223 2807 415 2881 gratificando
429 2807 590 2878 recipiant;
607 2808 658 2863 ssd
678 2807 866 2878 promissione
886 2816 973 2882 atque
1027 2815 1176 2881 dixerunt,
1189 2812 1245 2870 nisi
1262 2811 1343 2867 nullo
1359 2811 1445 2866 ruodo
1462 2826 1547 2881 possa
1563 2811 1824 2868 oculosbominum
1838 2828 1884 2867 us-

122 2897 315 2970 permissione
329 2897 407 2953 illius
420 2897 529 2968 qnieos
540 2895 661 2952 consilio
677 2898 848 2968 praemonuit
862 2903 895 2955 ut
915 2899 972 2955 sibi
1028 2921 1085 2976 que
1101 2905 1130 2959 in
1153 2903 1225 2958 illud
1242 2906 1394 2972 penetrato
1418 2904 1562 2956 secretum
1586 2916 1644 2970 quo
1660 2901 1717 2956 ibat
1734 2901 1885 2973 Dominus,

61 3024 64 3029 ·
121 2988 229 3044 amium
240 2988 377 3051 lucerent,
392 2990 421 3042 el
435 2985 487 3058 qui
501 2985 631 3057 seipsum
648 2987 737 3057 pasci,
753 2987 862 3055 vestiti,
874 2988 972 3061 hospi·
1027 3010 1093 3050 curo
1110 2994 1138 3048 in
1154 2995 1311 3062 conspeetu
1327 2989 1541 3060 discipulorum
1568 2989 1689 3045 terretur
1704 2990 1732 3045 io
1749 2989 1854 3046 omium
1872 2989 1887 3043 ‘l

119 3077 159 3134 tio
172 3077 272 3150 recipi,
289 3077 401 3133 visitari
411 3076 441 3132 iu
467 3092 645 3149 unoquoque
669 3075 815 3133 minorum
840 3094 970 3146 suorum,
1026 3084 1089 3138 tam
1104 3085 1207 3137 caetera
1221 3079 1382 3135 secundum
1399 3078 1577 3149 superiorem
1607 3080 1817 3150 expositionem
1834 3096 1884 3135 ao-

118 3166 424 3224 liberatorisbooitate
440 3166 578 3238 dignatus
593 3174 647 3222 est.
660 3166 833 3237 Quanquam
850 3166 900 3224 iila
923 3184 968 3224 re·
1026 3171 1082 3242 cipi
1093 3173 1217 3242 possunt
1232 3187 1239 3224 :
1256 3168 1327 3240 quia
1342 3170 1485 3223 secretum
1501 3167 1596 3222 Patris
1613 3166 1685 3222 bene
1697 3166 1882 3238 intelligitur,

114 3257 220 3328 ceptio,
232 3262 330 3313 utrum
345 3255 444 3312 statim
461 3263 524 3326 post
540 3254 626 3311 istam
638 3255 726 3310 vitam
743 3255 803 3324 ssat,
819 3272 855 3311 an
867 3256 895 3312 in
912 3257 970 3314 stne
1026 3261 1076 3315 ubi
1092 3260 1178 3316 etium
1192 3264 1260 3313 ants
1285 3256 1526 3312 resurrectionem
1549 3257 1697 3325 justorum
1719 3257 1822 3310 anintus
1838 3256 1883 3312 vi-

113 3344 212 3403 srsculi
225 3346 253 3400 io
268 3344 481 3402 resurreetione
494 3349 678 3400 mortuorum
703 3349 790 3416 atque
807 3347 910 3403 ultima
925 3364 970 3405 re·
1025 3354 1098 3406 sunt
1112 3364 1176 3404 oum
1193 3349 1261 3404 Deo.
1277 3348 1369 3402 Tanto
1385 3345 1463 3401 enim
1480 3345 1575 3400 verius
1599 3345 1705 3416 ubique
1730 3350 1774 3400 ost
1799 3347 1883 3411 licus,

114 3433 272 3491 tributione
296 3434 416 3505 judieii,
445 3450 502 3489 non
533 3434 655 3489 minima
683 3435 807 3505 questio
835 3436 967 3492 estzscd
1025 3446 1132 3511 quanto
1150 3437 1231 3493 nullo
1247 3436 1413 3492 continetur
1428 3435 1592 3503 loco,sicut
1608 3440 1635 3489 ut
1651 3434 1756 3490 latroni
1773 3434 1883 3490 dicturo

114 3523 305 3595 quandolibet
321 3522 380 3592 ssat,
405 3528 482 3580 certe
505 3525 541 3581 do
565 3521 673 3579 talibus
697 3524 792 3595 qualis
812 3524 860 3580 ille
888 3525 969 3581 dives
1024 3532 1079 3594 est,
1111 3526 1194 3582 lindie
1215 3539 1321 3580 meeum
1336 3524 1391 3578 sris
1414 3524 1445 3578 ie
1467 3521 1595 3594 paradiso
1611 3522 1701 3593 (tue.
1719 3539 1795 3589 xsrn,
1813 3523 1883 3594 iti:

112 3614 295 3684 insinuatur,
311 3613 392 3672 nullu
408 3614 557 3686 Scriptura
571 3613 634 3669 lieri
650 3612 813 3685 pollicetur.
1024 3618 1102 3672 unde
1114 3630 1264 3687 nunquam
1281 3611 1401 3668 recessit
1418 3611 1468 3666 Dei
1484 3610 1573 3677 lilius,
1590 3610 1723 3683 quamuis
1736 3613 1772 3667 ab
1790 3611 1882 3667 homi·

151 3703 285 3774 Quinque
296 3708 393 3759 autem
405 3704 590 3774 fratresquos
600 3702 704 3759 babere
715 3719 746 3759 se
757 3703 827 3759 dicit
841 3704 869 3760 in
881 3707 968 3763 domo
1024 3706 1111 3761 nibus
1126 3717 1272 3774 nunquam
1288 3700 1407 3756 recessit
1422 3699 1473 3755 Dei
1490 3700 1580 3760 lilius,
1595 3701 1724 3769 quamvis
1740 3701 1775 3755 ab
1790 3699 1881 3756 homi·

114 3789 279 3863 patrissui,
295 3790 407 3846 iudaeos
423 3789 601 3861 significant.
627 3790 768 3861 Appellati
796 3793 874 3847 enim
900 3802 967 3850 sunt
1024 3797 1111 3851 nibus
1127 3810 1177 3867 per
1192 3796 1359 3862 susceptam
1387 3805 1504 3845 carnem
1523 3788 1686 3845 incivitate
1710 3790 1879 3845 iudeorum

113 3879 256 3951 quinque,
266 3879 335 3949 quia
343 3878 397 3934 sub
407 3883 482 3949 Lege
495 3878 700 3934 detinebantur
712 3895 778 3950 qua
789 3898 839 3953 per
849 3882 966 3955 Moysen
1022 3888 1103 3941 tanta
1123 3886 1280 3955 pateretur.

113 3968 182 4024 data
196 3970 250 4035 est,
268 3965 318 4039 qui
340 3965 430 4021 libros
452 3964 581 4037 quinque
603 3967 784 4038 conscripsit.
801 3969 881 4032 Quod
901 3987 967 4028 uero
1058 3971 1180 4030 XXXIX.
1198 3972 1252 4042 [lb.
1279 3968 1462 4040 xu11,5·l0.]
1484 3968 1565 4034 Quod
1589 3967 1724 4024 dixerunt
1742 3967 1879 4038 discipuli

116 4058 254 4114 Lazarum
267 4055 425 4129 petitmitti
441 4055 476 4111 ad
494 4055 597 4111 iratres
618 4071 699 4124 suos,
712 4057 801 4113 sensit
821 4075 851 4114 se
868 4060 967 4131 utique
1022 4064 1160 4134 Domino,
1177 4062 1289 4133 Adnupe
1303 4059 1382 4116 notis
1395 4058 1491 4130 fidem,
1509 4062 1601 4130 potest
1617 4059 1735 4130 quidem
1758 4058 1881 4130 intelligi

113 4147 266 4220 indignum
278 4147 325 4217 qui
336 4144 538 4202 testimonium
551 4144 702 4217 perhibeat
712 4147 826 4203 veritati
838 4163 845 4202 ε
858 4155 887 4204 et
897 4150 967 4220 quia
1023 4152 1098 4209 banc
1114 4151 1200 4206 stdem
1216 4150 1273 4206 sibi
1289 4164 1338 4204 eos
1353 4147 1453 4220 augeri
1467 4147 1639 4219 postulasse,
1650 4164 1708 4219 qua
1724 4148 1882 4202 creduntur

112 4251 170 4292 uon
183 4235 390 4307 impetraverat
412 4231 566 4305 paululum
586 4249 618 4289 se
646 4234 808 4305 refrigerari
828 4235 849 4304 ¹,
876 4237 966 4295 multo
1021 4257 1056 4298 aa
1072 4257 1136 4312 que
1151 4255 1208 4295 non
1221 4238 1375 4295 videntur:
1396 4237 1445 4292 sed
1463 4241 1559 4292 tameo
1583 4235 1690 4291 dicitur
1704 4235 1790 4289 etiarn
1808 4234 1881 4290 lrdcs

111 4324 211 4383 minus
222 4325 312 4382 credit
327 4323 450 4381 relaxari
465 4339 495 4380 se
511 4339 595 4394 posse
605 4323 642 4378 ab
657 4322 758 4380 inieris
770 4325 805 4380 ad
830 4326 967 4395 praedica·
1023 4345 1132 4396 rerum,
1150 4327 1269 4399 quando
1291 4342 1348 4383 nott
1364 4323 1471 4393 verbis,
1487 4326 1537 4380 scd
1554 4325 1640 4379 rebus
1654 4323 1727 4394 ipsis
1750 4339 1880 4394 pressen-

112 4414 221 4471 tionem
237 4413 378 4471 veritatis.
394 4414 474 4480 Quod
489 4412 634 4468 Abrabam
651 4413 733 4479 dicit,
747 4415 778 4468 Si
797 4414 891 4470 volunt
906 4433 965 4473 cre·
1023 4421 1101 4475 tibus
1116 4418 1264 4483 creditur;
1281 4416 1507 4488 quottiuturum
1523 4418 1577 4483 est,
1593 4429 1660 4468 cum
1673 4413 1734 4482 jam
1752 4428 1802 4483 prr
1816 4427 1880 4481 spe·

1 4522 25 4534 ··
112 4502 965 4578 dere,bobentdloysenetl’roptetos,ttonlstosEvangelio
1023 4512 1097 4567 elom
1114 4501 1880 4576 manifestamsecontrmptandsmprebenttsanotts

113 4593 289 4666 preposuit;
302 4594 351 4647 sed
363 4592 431 4663 quia
442 4591 646 4663 Evangelium,
663 4592 741 4647 siout
759 4594 831 4650 dicit
846 4597 967 4665 sposto-
1020 4599 1086 4671 ipsa
1102 4598 1152 4653 Dei
1168 4596 1317 4668 Sapientia
1334 4610 1385 4666 per
1399 4609 1486 4665 quam
1506 4594 1663 4648 factasunt
1678 4592 1774 4646 omnia
1790 4592 1878 4655 (Petri.

112 4679 383 4751 lus,teetimunium
400 4680 485 4736 habet
509 4699 524 4736 s
549 4682 624 4753 Lege
648 4685 676 4737 et
699 4681 852 4753 Prophetis
876 4686 965 4754 (ilum.
1022 4707 1082 4757 cnr,
1097 4690 1155 4759 2⁴).
1173 4688 1213 4742 Dc
1228 4703 1285 4758 qua
1301 4686 1357 4741 fide
1376 4701 1474 4740 rarum
1492 4682 1625 4755 locisque
1645 4681 1727 4736 illius
1754 4698 1880 4750 prasert-

114 4789 156 4840 ttt,
171 4771 228 4839 21),
245 4771 458 4828 illiscredendo
480 4788 565 4842 posse
583 4788 633 4829 eos
650 4772 798 4844 sigoisscat
818 4774 853 4831 ad
873 4777 966 4832 Dran·
1021 4783 1107 4835 tatas¹
1126 4777 1245 4833 forsitan
1262 4775 1371 4832 Paulus
1382 4773 1531 4846 apostolus
1544 4771 1633 4828 dicit:
1650 4771 1880 4828 «iustitiaenim

112 4858 221 4931 gellam
237 4858 385 4930 pervenire
403 4877 409 4913 :
426 4858 503 4915 sicut
517 4858 573 4915 alio
586 4859 648 4915 loco
659 4860 721 4932 ipse
732 4860 873 4917 Dominus
885 4863 965 4931 dicit,
1022 4868 1072 4924 Dei
1088 4869 1117 4925 in
1134 4883 1166 4924 so
1183 4866 1326 4923 revelatur
1347 4880 1381 4921 ex
1405 4864 1462 4919 ilde
1486 4863 1514 4918 iu
1537 4861 1625 4916 iidem
1641 4884 1655 4911 n
1671 4864 1760 4933 (Rom.
1779 4878 1797 4929 1,
1824 4863 1879 4932 17).

114 4949 144 5006 st
158 4950 304 5007 crederetis
320 4948 416 5021 ilopsr',
428 4948 577 5005 cretiereit's
592 4956 618 5006 et
633 4950 704 5007 initii
714 4967 723 5007 :
734 4953 781 5008 itte
794 4954 867 5007 enim
878 4952 910 5007 tle
924 4969 968 5011 itte
1020 4957 1096 5014 Dicit
1111 4956 1189 5012 enim
1204 4959 1234 5010 et
1256 4953 1312 5009 alio
1338 4952 1399 5007 loco
1416 4967 1424 5006 :
1441 4972 1456 5002 c
1471 4951 1530 5008 Nos
1545 4954 1641 5005 sutem
1660 4947 1783 5004 revelata
1808 4947 1879 5002 iacie

113 5040 224 5111 scripsit
241 5040 331 5112 (doctr.
347 5057 374 5110 tt,
390 5037 592 5111 totitemque
616 5043 649 5096 ad
674 5041 728 5097 boc
749 5043 872 5113 pertinet
888 5043 967 5116 quod
1021 5045 1142 5118 gloriam
1159 5042 1273 5098 Domini
1295 5037 1489 5113 speculantes,
1511 5038 1540 5093 in
1557 5038 1691 5093 eamdem
1718 5035 1875 5106 imaginem

114 5130 201 5186 etiam
218 5136 318 5203 postea
332 5130 413 5198 dicit,
428 5129 459 5185 st
484 5128 593 5202 ulysse
620 5137 647 5185 et
671 5132 819 5203 Prophetas
841 5148 896 5188 non
914 5150 966 5190 ett-
1021 5134 1244 5191 transformatur
1258 5131 1294 5186 de
1317 5128 1408 5200 gloria
1430 5126 1611 5200 ingloriam,
1630 5135 1801 5197 tanqusmo
1821 5123 1877 5182 Do·

47 5216 50 5221 ’
113 5217 205 5285 diunt,
216 5221 968 5295 nequeriqciseumortuisresurrexeritcredent:quia
1022 5225 1093 5280 mini
1110 5222 1221 5296 Spiritu
1238 5242 1252 5271 n
1268 5220 1305 5292 (tt
1322 5220 1382 5275 Cor.
1396 5236 1437 5274 ιιι.
1455 5220 1510 5290 tc).
1527 5219 1609 5274 Sicut
1623 5220 1701 5272 enim
1717 5216 1763 5270 hic
1779 5215 1829 5281 ait,
1843 5216 1877 5269 de

111 5321 179 5361 eum
191 5309 456 5376 prenuntiaverunt
473 5309 586 5380 Moyses
600 5313 629 5364 et
652 5309 802 5381 Propheta
826 5313 875 5383 qoi
902 5328 966 5368 sur·
1021 5314 1114 5386 glorio
1128 5310 1291 5380 tectorium
1306 5328 1317 5374 ;
1333 5309 1373 5364 ita
1388 5312 1416 5364 et
1432 5308 1483 5376 ibi,
1499 5324 1533 5365 ee
1547 5306 1643 5379 {luein
1660 5306 1761 5368 tidem:
1775 5304 1881 5375 deglo-

115 5392 213 5450 roxita
225 5395 355 5463 mortuis,
376 5397 428 5453 hoc
446 5400 542 5471 ipsum
558 5401 647 5455 etiam
658 5400 694 5455 de
706 5399 755 5456 illo
775 5402 854 5472 quod
868 5418 966 5458 resur·
1022 5401 1064 5457 ris
1080 5401 1191 5458 scilicet
1207 5396 1365 5468 Evangelii,
1381 5414 1439 5468 quo
1452 5414 1530 5454 nunc
1546 5397 1695 5453 credentes
1707 5393 1876 5450 illuminas.

113 5487 243 5540 tecturus
258 5487 336 5539 esset
350 5489 506 5557 amortuis,
517 5490 625 5563 quibus
640 5506 698 5548 nou
712 5491 855 5548 eredendo
867 5493 967 5566 utique
1020 5494 1078 5558 tur,
1098 5490 1128 5546 in
1154 5488 1274 5562 gloriam
1291 5488 1385 5560 ipsius
1400 5485 1649 5544 incommutabilis
1664 5489 1693 5541 et
1716 5483 1875 5539 tnaoilcstas

150 5630 159 5665 ¹
173 5624 236 5678 tiss.
245 5624 385 5692 puuctum
397 5625 450 5678 siti
456 5629 720 5694 retransmeant,
725 5633 844 5698 petatem
854 5634 963 5696 sitiam
1051 5636 1059 5671 ¹
1076 5634 1196 5694 Quotuor
1205 5630 1266 5685 tiss.
1274 5631 1424 5696 prasentia.
