3952 6150
91 241 174 305 13⁷7
669 240 879 307 PRAEEATIO
901 244 1057 308 luceant
1079 243 1286 308 AUCTORIS.
1777 253 1857 320 {m

94 376 222 452 aliisque
231 393 299 434 eum
310 375 515 450 intelligimus,
527 392 616 450 quam
631 376 778 449 Evangelii
795 383 905 450 partem
918 378 1025 451 populo
1036 382 1099 436 erat
1112 378 1294 451 expositurus
1305 378 1411 449 lubere
1425 377 1543 437 solitum
1559 381 1637 439 inter
1647 383 1747 443 divina
1759 389 1856 447 oldaia

95 467 214 525 mitari
230 482 239 523 ι
253 483 341 540 quam
357 465 523 541 praelectam
540 472 639 538 postea
653 467 801 524 nitebatur
814 468 970 542 explicare.
983 467 1090 525 Verum
1106 468 1131 526 si
1147 468 1265 541 quando
1279 468 1334 523 boo
1349 469 1482 525 loturum
1497 469 1602 528 luisset
1615 488 1698 544 equo
1722 473 1855 552 lougius,

91 555 246 614 residuum
256 555 288 612 iu
302 553 383 612 aliud
399 560 517 627 tempus
531 556 682 614 differebat
695 573 708 623 ,·
720 572 755 612 ao
770 564 832 613 tum
848 573 965 630 quoque
980 557 1067 630 relegi
1083 557 1273 629 Evangelium
1289 557 1486 630 praecipiebat.

128 642 276 702 Galeam
290 649 394 701 exacte
405 643 536 701 nondum
548 641 645 700 hieme
659 660 745 700 auem
756 645 785 703 in
795 645 917 703 loannis
928 644 1117 718 Evangelium
1129 645 1360 717 explanationem
1371 662 1527 720 aggressus
1541 651 1789 724 estAogustiuns.
1800 656 1857 713 'l'e-

88 736 188 790 ctatur
201 733 309 806 qnippe
322 733 353 788 iu
367 732 464 789 Eruet.
479 749 517 800 vr,
533 748 598 790 sese
611 733 793 790 subveritum
808 750 844 791 ue
859 735 985 807 populus
1006 736 1247 808 atraqueutanda
1260 735 1381 794 ecclesia
1396 736 1509 803 trigoris
1528 738 1553 794 vi
1566 740 1768 802 deterreretur.
1779 746 1812 802 lu
1826 762 1855 811 1,

89 821 261 895 proximum
279 822 427 896 siguificat
441 830 557 895 tempus
568 822 732 891 imminere,
749 832 780 880 ut
795 823 941 895 passionis
959 842 994 882 ao
1008 825 1229 883 resurrectionis
1239 825 1396 882 [lominica
1412 826 1584 885 solemnitas
1599 829 1768 891 celebretur.
1784 834 1817 892 lu
1827 851 1857 891 ιι

88 917 206 979 autem,
217 920 248 968 ut
262 911 435 969 adhortetur
447 911 684 980 eabohumenoa,
696 913 759 983 Jam
771 917 884 985 tempos
895 913 1017 988 exigere.
1028 914 1125 971 Pridie
1139 915 1205 985 ejus
1215 913 1271 971 diei
1286 931 1343 987 quo
1356 915 1457 971 babuit
1472 918 1720 978 111,dioturumse
1734 922 1770 979 de
1788 938 1857 994 pace

87 999 242 1068 Ecclesia,
258 1001 301 1057 vel
317 999 387 1073 quid
403 1000 524 1074 egisset,
537 1000 579 1057 rel
595 1001 663 1073 quie
676 1001 771 1058 adhuc
786 1001 933 1075 agendum
948 1010 1088 1075 speraret,
1099 1005 1206 1076 populo
1221 1004 1410 1076 promiserat:
1426 1006 1476 1061 sed
1494 1007 1668 1078 promittere
1680 1009 1796 1067 solitam
1822 1013 1857 1070 de

87 1090 218 1147 lectione
232 1090 398 1162 evangelica
413 1089 618 1148 tractationem
634 1091 736 1159 voluit,
752 1107 785 1148 ao
799 1096 862 1149 tum
874 1092 960 1150 tidem
972 1109 1052 1149 suam
1064 1092 1196 1149 liberare.
1208 1095 1282 1160 Quid
1295 1093 1368 1150 illud
1380 1111 1465 1167 porro
1476 1096 1571 1167 luerit,
1584 1099 1660 1170 quod
1672 1099 1708 1156 de
1721 1100 1853 1158 Ecclesiae

89 1196 166 1253 pace
181 1178 340 1237 dicendum
357 1179 495 1249 babebat,
512 1180 728 1252 incompertum
743 1188 788 1238 est
803 1206 811 1252 ;
828 1180 962 1254 usquein
976 1183 1110 1255 ejusdem
1124 1183 1307 1239 tractationis
1322 1184 1379 1239 lios
1397 1187 1596 1257 conscriptum
1613 1188 1678 1244 luit.
1693 1188 1812 1249 Videtur
1821 1207 1857 1248 ex

92 1287 148 1326 uua
162 1269 316 1327 Tractatus
332 1267 449 1327 exordio
464 1286 549 1341 posse
563 1269 699 1343 colligis
713 1270 816 1328 diebus
827 1288 885 1328 nou
898 1271 937 1327 ita
953 1271 1057 1345 paucis
1067 1272 1265 1329 intermissum
1280 1273 1316 1328 ab
1327 1290 1359 1349 eo
1371 1274 1462 1329 luisse
1477 1275 1597 1332 loannis
1608 1278 1814 1347 Evangelium:
1827 1284 1858 1338 et

92 1359 196 1432 reipsa
210 1357 282 1416 illud
300 1375 350 1432 per
365 1359 516 1417 Pasoballa
529 1360 613 1428 testa,
633 1376 697 1432 quas
708 1360 738 1417 iu
751 1361 769 1416 2
784 1361 862 1417 diem
879 1360 980 1433 aprilis
994 1377 1072 1419 auno
1097 1361 1151 1419 lib
1164 1361 1345 1426 incidebant.
1364 1363 1527 1434 interrupit,
1542 1382 1576 1420 co
1591 1367 1669 1437 quod
1696 1368 1856 1426 hisdiebus

86 1452 164 1506 lixas
180 1453 210 1506 et
219 1452 316 1507 certas
325 1465 360 1506 ex
375 1447 529 1521 Evangelio
538 1447 679 1507 lectiones
691 1453 837 1522 oporteret
848 1448 878 1507 iu
890 1448 1018 1509 Ecclesia
1027 1450 1155 1517 recitari,
1167 1450 1273 1524 quibus
1290 1452 1468 1509 substituere
1479 1450 1552 1509 aliae
1564 1470 1621 1510 uon
1632 1453 1756 1513 licebat:
1770 1459 1856 1514 sicuti

89 1556 148 1597 sua
163 1538 195 1594 in
211 1538 429 1612 inpositionem
444 1538 580 1608 Epistola
594 1539 718 1596 loannis
734 1538 898 1611 prelatione
913 1541 1006 1598 docet.
1024 1538 1094 1596 Nam
1112 1540 1372 1613 intercutemporis
1389 1542 1585 1599 enarrandam
1603 1542 1677 1600 hauc
1688 1543 1778 1615 ipsam
1791 1547 1856 1617 Epi·

87 1628 198 1685 stolam
212 1628 360 1701 suscepit:
378 1643 502 1701 moxque
513 1645 547 1684 ea
558 1632 734 1702 pertractata
743 1628 829 1686 rediit
843 1629 878 1685 ad
896 1628 1094 1700 Evangelium.
1105 1631 1138 1685 ln
1147 1630 1233 1698 ouJ‘ue
1245 1629 1436 1701 explicatione
1448 1632 1620 1687 Tractatum
1631 1648 1720 1698 xxvii,
1730 1633 1855 1691 necdum

90 1719 123 1774 in
139 1716 291 1774 Laurentii
306 1716 451 1789 martyris,
468 1733 555 1790 quem
571 1716 682 1774 ibidem
698 1718 807 1788 laudat,
823 1718 992 1776 celebritate
1007 1728 1172 1776 excesserat
1187 1732 1195 1771 ι
1212 1720 1327 1775 temetsi
1338 1720 1468 1792 quinquo
1483 1721 1661 1779 'l'rsotatuea
1673 1739 1730 1791 xix,
1744 1723 1784 1777 uti
1793 1724 1855 1795 jam

93 1807 287 1863 observatum
302 1810 358 1874 est,
373 1806 409 1863 ad
425 1823 507 1874 xxiu,
523 1806 628 1863 diebus
639 1808 770 1879 quinque
785 1806 933 1864 coutinuis
949 1807 1125 1880 perfecisset.

128 1896 170 1951 Ex
186 1896 242 1952 hoo
257 1911 344 1969 opere
354 1896 489 1969 decerpta
504 1912 592 1968 quam
604 1898 697 1952 multa
709 1896 834 1969 reperies
842 1897 919 1968 apud
931 1898 1037 1953 bedam
1048 1897 1238 1954 etilouiaum
1250 1914 1338 1971 super
1347 1897 1503 1968 loannem,
1516 1902 1593 1973 apud
1604 1903 1722 1958 Florum
1733 1903 1763 1959 in
1773 1906 1857 1960 Com·

92 1985 252 2042 mentsriis
266 2001 356 2057 super
368 1984 452 2042 Pauli
467 1984 622 2057 Epistolas,
639 1985 722 2042 liedes
737 1985 854 2042 nomine
866 1985 1004 2059 vulgatis,
1018 1991 1088 2053 ete,
1104 2003 1215 2044 neouou
1231 1988 1390 2045 sententiae
1405 1989 1550 2061 quaedam
1565 1992 1743 2049 austeribus
1756 1993 1856 2049 conflr-

93 2076 213 2131 maudu
224 2074 374 2132 catholica
389 2074 457 2131 lidei
471 2091 560 2131 cenea
574 2075 703 2147 prolatas
717 2091 749 2133 ea
765 2074 852 2131 variis
866 2073 1048 2133 'tractatibus
1064 2092 1071 2130 ε
1086 2076 1198 2133 seilicet
1211 2094 1246 2133 ex
1256 2094 1287 2141 ιι,
1300 2094 1317 2133 a
1331 2078 1480 2148 Cassiano,
1492 2079 1544 2137 lib.
1558 2082 1576 2134 7
1592 2083 1627 2137 de
1643 2081 1855 2152 incarnatione,

86 2181 154 2237 cap.
170 2164 229 2233 27;
245 2180 278 2221 ea
296 2164 544 2232 sustinuissem
560 2179 636 2236 papa
650 2163 681 2221 iu
697 2163 827 2236 Epistola
842 2163 878 2219 ad
889 2162 1020 2221 -Leouem
1029 2167 1194 2237 Augustum
1211 2165 1280 2221 olim
1295 2167 1341 2237 lli,
1355 2182 1433 2223 nune
1450 2168 1513 2234 13⁴,
1526 2173 1580 2225 etc.
1593 2169 1772 2226 Recordatur
1783 2170 1857 2241 ejus

85 2254 156 2309 dem
173 2252 272 2325 operis
286 2252 609 2311 CassiodorusSeuetor
623 2254 652 2312 iu
668 2252 720 2310 lib.
735 2253 839 2321 lustit,
856 2269 921 2326 cap.
931 2253 1112 2321 aroannam
1124 2255 1241 2327 copiosa
1252 2262 1280 2310 et
1294 2256 1401 2328 insigni
1413 2258 1595 2329 expositione
1607 2260 1642 2315 ab
1654 2260 1815 2331 Augustino
1826 2259 1857 2315 il·

85 2341 253 2399 lustratum
269 2341 490 2399 commendans.
507 2342 660 2399 Possidios
672 2343 701 2398 in
716 2340 857 2412 lndioulo,
873 2357 937 2414 cap.
952 2342 981 2406 e,
996 2342 1051 2399 sub
1062 2343 1108 2398 hia
1119 2344 1212 2400 verbis
1226 2360 1231 2393 ε
1245 2345 1384 2400 tractatus
1396 2344 1430 2401 dc
1445 2347 1591 2418 Eooiiqelio
1605 2349 1748 2404 locastae
1761 2350 1856 2420 capite

85 2448 177 2506 arsque
191 2432 228 2490 cd
239 2433 332 2505 finem,
342 2436 374 2488 in
387 2431 524 2490 codicibus
539 2449 598 2490 sec.
612 2433 793 2506 Augustinus
807 2431 870 2504 ipse
884 2433 917 2488 iu
931 2432 1098 2504 prelatione
1112 2434 1147 2489 ad
1164 2434 1315 2491 Tractatus
1327 2451 1416 2507 super
1426 2436 1586 2509 Epistulam
1600 2437 1723 2494 Joeuuie
1738 2454 1746 2493 τ
1762 2437 1855 2496 demi·

86 2522 146 2590 sil,
161 2522 271 2595 iuquit,
289 2523 426 2581 Sanctitas
441 2530 530 2581 uestro
544 2523 727 2597 Evangelium
741 2522 891 2580 mum
902 2525 1035 2581 loannem
1046 2539 1082 2580 se
1093 2524 1191 2581 ordine
1204 2524 1354 2582 lectionum
1364 2541 1413 2582 sos
1423 2527 1516 2584 sotera
1530 2535 1656 2584 tractore.
1670 2527 1857 2601 {tersumque

88 2615 123 2671 iu
139 2610 193 2669 lib.
210 2612 293 2669 tede
306 2613 459 2685 Trinitate,
474 2628 535 2686 cap.
550 2613 596 2683 27,
612 2612 710 2686 signat
722 2613 891 2670 'l'ractatum
907 2614 937 2669 in
951 2612 1036 2670 inan.
1052 2629 1128 2684 xcix,
1144 2630 1210 2671 cum
1226 2614 1285 2671 ait:
1301 2616 1338 2672 lle
1353 2615 1484 2672 boemia
1497 2631 1621 2673 urmose
1634 2616 1751 2688 quodum
1763 2620 1856 2690 prole·

92 2700 184 2759 recido
195 2701 232 2758 od
245 2717 328 2758 cares
340 2702 439 2775 populi
452 2700 601 2759 christiani
615 2701 749 2772 dicimus,
760 2702 1144 2774 dictamquecooecripsimoa.
1161 2702 1248 2760 Plura
1262 2720 1344 2772 eane,
1358 2704 1384 2760 si
1400 2708 1446 2761 sat
1458 2704 1588 2775 vixisset,
1604 2705 1735 2762 dicturus
1749 2707 1779 2764 iu
1798 2707 1857 2766 its-

93 2792 304 2848 tractatiouum
325 2791 409 2849 libris
425 2792 633 2865 peculiaribus,
650 2808 733 2865 quos,
750 2792 791 2848 uti
807 2794 843 2848 ad
860 2789 1196 2863 Quodvultdeum,epist.
1211 2793 1274 2859 22⁴,
1291 2794 1404 2861 scribit,
1418 2795 1447 2851 in
1463 2794 1616 2852 'l'raotatus
1631 2795 1786 2867 populares
1803 2796 1857 2855 bo·

92 2880 254 2955 miliaaque
268 2899 285 2939 a
299 2897 330 2938 sa
346 2880 461 2939 habitas
476 2881 683 2940 meditabatur.

128 2972 210 3044 tipus
221 2971 251 3031 lu
261 2972 386 3029 vetustis
395 2971 544 3030 codicibus
552 2971 734 3043 inscribitur,
745 2971 921 3044 quibusdam
931 2972 1093 3036 Tractatus,
1105 2970 1170 3026 aliie
1180 2972 1347 3039 Sermones,
1356 2971 1505 3029 nonnullis
1516 2972 1647 3030 Romilia
1656 2972 1687 3029 iu
1696 2976 1854 3033 loannem.

87 3069 146 3126 Sed
162 3066 252 3141 paulo
267 3068 392 3139 amplior
406 3067 509 3125 titulus
523 3068 605 3126 estin
621 3068 692 3125 idae.
704 3066 899 3134 Audoeuensi,
913 3066 1147 3135 Gemmetioeusi,
1158 3075 1186 3124 st
1201 3067 1382 3137 Pretelleusi,
1399 3068 1478 3125 huuc
1488 3069 1517 3125 in
1530 3070 1649 3126 modom
1665 3070 1792 3127 :Aurelii
1801 3071 1856 3129 Aa·

87 3161 198 3230 gastim
213 3157 336 3215 Doctoris
350 3158 466 3231 Hippos.
484 3157 568 3227 episc.
585 3160 712 3217 llomita'ae
724 3157 754 3215 is
769 3158 947 3229 Europelium
969 3157 1044 3215 bom.
1060 3159 1124 3215 lesu
1137 3158 1284 3215 monadum
1296 3160 1428 3217 loannem
1443 3159 1593 3230 incipient,
1608 3176 1676 3232 qaue
1699 3159 1759 3231 ipsc
1772 3160 1855 3219 eollo·

86 3245 196 3318 mendo
204 3248 285 3319 prius
299 3245 336 3303 od
347 3246 479 3320 poputum
493 3247 601 3316 tabuit,
612 3256 638 3305 st
652 3248 726 3303 inter
741 3246 906 3317 loquendam
934 3245 1086 3303 sectariis
1098 3254 1234 3320 receptae,
1250 3262 1280 3305 eo
1303 3263 1355 3320 quo
1369 3248 1470 3304 bebbae
1484 3252 1549 3304 aaut
1563 3248 1671 3314 ordios,
1692 3249 1807 3304 verbam
1819 3264 1856 3305 es

85 3336 170 3392 carbo
182 3340 278 3407 poster
293 3333 417 3393 dictauit.
433 3332 563 3407 benique
578 3336 656 3407 quod
673 3332 919 3406 supralationem
934 3331 980 3389 blo
995 3333 1156 3406 subjectam
1171 3336 1285 3402 attinet,
1303 3336 1409 3393 trustra
1423 3351 1487 3393 eam
1502 3351 1615 3407 quares
1627 3334 1672 3392 vel
1687 3336 1717 3392 iu
1733 3335 1853 3393 ides-vel

85 3423 118 3479 in
133 3423 224 3481 editis
239 3428 307 3480 Am.
322 3427 352 3480 et
366 3423 435 3482 Eud.
451 3422 531 3480 Hauc
546 3426 614 3496 poet
629 3426 782 3481 &muium
799 3422 942 3479 dederuut
966 3421 1170 3492 boviniensee,
1184 3425 1236 3497 qui
1250 3429 1348 3482 muron
1364 3425 1518 3481 observant
1534 3440 1586 3480 uec
1600 3423 1755 3495 Augustini
1779 3440 1853 3481 esse·

82 3529 140 3571 neo
151 3513 183 3570 iu
199 3513 261 3571 ullo
276 3514 332 3574 lde.
347 3518 471 3571 exstare.
487 3512 615 3572 liabetur
629 3513 730 3587 paucis
747 3512 868 3569 mutatis
881 3510 978 3569 serbis
991 3515 1068 3586 apud
1086 3515 1192 3571 bedam
1209 3519 1238 3572 et
1251 3515 1408 3571 alcuinum
1424 3515 1454 3570 iu
1469 3515 1625 3571 loannem.

325 3835 774 3948 PRAEEstlit)
817 3834 1149 3947 incubui
1193 3833 1626 3948 attenuatis.

127 4046 384 4105 Omnibusdiviuu
398 4047 552 4121 Scriptura
566 4047 679 4122 paginis
695 4047 882 4121 Evangelium
897 4062 947 4104 ex·
1004 4053 1164 4120 exponunt,
1184 4053 1212 4102 st
1227 4047 1263 4104 de
1277 4046 1429 4102 divinitate
1442 4063 1534 4120 pauca
1547 4048 1856 4123 dixeruntquesieui·

92 4138 186 4208 oellit;
202 4139 274 4212 quia
289 4138 368 4211 quod
387 4138 444 4195 Lea
458 4146 486 4197 et
500 4140 647 4208 Prophetae
663 4140 792 4195 loturum
808 4139 946 4210 praedius·
1004 4136 1093 4193 mulia
1106 4137 1341 4209 gressibiliacum
1359 4138 1647 4196 Domiuoambulent
1660 4141 1689 4196 in
1702 4144 1778 4197 terra
1789 4157 1797 4196 t
1809 4141 1857 4198 bic

88 4233 171 4295 ruut,
186 4228 245 4286 boo
264 4228 443 4301 completum
466 4227 534 4284 dicit
551 4227 749 4297 Evangelium.
764 4229 843 4283 luter
867 4227 948 4297 ipsos
1003 4233 1100 4285 autem
1117 4245 1211 4300 pauca
1225 4228 1554 4301 detemporalibusejus
1575 4232 1666 4304 gestis
1680 4233 1856 4300 edisserens,

89 4323 190 4374 autem
201 4317 428 4391 Evangeliorum
438 4316 732 4391 scriptoresloauues
742 4316 852 4373 eminet
867 4315 895 4372 iu
906 4316 950 4372 dl·
1003 4323 1055 4380 sed
1071 4323 1230 4380 divinitatis
1240 4324 1399 4396 potentiam
1410 4324 1857 4397 sublimiosoontemplans,cum

88 4407 227 4464 eaerum
243 4407 451 4480 mysteriorum
478 4407 684 4480 profunditate,
699 4406 747 4478 qui
777 4423 794 4463 a
819 4410 949 4479 tempore
1005 4412 1127 4469 nomino
1142 4413 1176 4468 ed
1193 4411 1298 4468 cetum
1314 4412 1401 4470 votat.
1417 4413 1472 4478 oua
1486 4414 1565 4470 enirn
1581 4430 1669 4486 supra
1686 4418 1785 4485 peetus
1800 4413 1857 4470 ba-

91 4496 250 4555 llomiuics
265 4496 448 4555 ameneiouls
462 4512 513 4569 per
539 4513 632 4554 annos
648 4496 797 4570 sexaginta
820 4495 950 4568 quiaque
1005 4503 1073 4559 mici
1087 4502 1117 4558 in
1132 4517 1215 4559 oona
1239 4503 1382 4572 recubuit,
1403 4503 1530 4560 caelestis
1550 4503 1688 4561 baustum
1708 4505 1859 4578 sapienties

89 4588 213 4645 verbum
225 4587 274 4644 liei
284 4586 578 4660 absqueadmiuioulo
590 4586 749 4656 scribendi,
764 4586 899 4658 usquead
910 4584 953 4641 ul·
1004 4590 1116 4649 esteris
1130 4587 1318 4647 excellentius
1342 4591 1379 4646 de
1393 4590 1458 4663 ipso
1478 4591 1620 4648 Domiuloi
1638 4594 1764 4666 pectoris
1779 4593 1859 4653 loute

89 4679 164 4735 uma
177 4676 338 4735 Domitiani
349 4676 516 4750 predicavit
525 4681 667 4748 tempora.
675 4675 729 4734 Sed
740 4675 835 4732 occiso
852 4675 950 4732 nomi·
1006 4679 1126 4752 potsvit.
1142 4683 1261 4752 Legerat
1275 4679 1414 4752 siquidem
1430 4680 1588 4754 Evangelia
1604 4682 1694 4740 trium
1709 4686 1859 4759 evangell-

91 4768 268 4832 tiauo,oum
298 4767 483 4840 permittente
507 4765 601 4823 Nerva
623 4766 659 4822 de
686 4763 788 4822 exsilio
817 4764 951 4823 rediisset
1006 4763 1858 4841 starum.elapprobaveratlldemeorumetierilatem:iu

92 4857 243 4930 Ephesum
255 4874 263 4926 ;
274 4857 445 4929 compulsus
456 4856 493 4914 ab
507 4856 653 4930 episeopis
665 4856 751 4925 Asia,
764 4858 798 4913 de
809 4859 952 4912 coeterna
1006 4858 1221 4931 quibusdeesse
1229 4859 1303 4915 vidit
1311 4858 1407 4932 aliqua
1419 4865 1566 4934 gestarum
1580 4878 1675 4919 rerum
1687 4863 1860 4926 historis‚et

91 4946 171 5004 Patri
179 4944 445 5004 divinitatecbristi
453 4945 573 5019 scripsit
587 4944 952 5018 advereuabaereliooe,qui
1008 4964 1043 5005 oa
1057 4947 1185 5005 maxime
1198 4964 1263 5020 quas
1274 4948 1418 5005 Dominus
1431 4950 1523 5022 gessit
1533 4950 1627 5022 primo
1644 4948 1860 5022 predicationis

93 5053 126 5094 eo
154 5036 277 5094 absente
303 5036 468 5109 irruperant
487 5037 516 5094 iu
531 5036 596 5107 eius
619 5035 771 5104 Ecclesiae,
789 5035 839 5109 qui
866 5034 954 5094 cbri-
1008 5036 1862 5112 sustempora,scilioetantequamloannesbaptietaelau·

94 5135 173 5184 stum
193 5132 263 5184 ante
278 5126 508 5184 Mariamtuisse
524 5125 679 5200 negabant.
704 5123 787 5182 Unde
806 5124 907 5182 merito
920 5124 951 5181 in
1006 5127 1123 5182 deretur
1138 5126 1168 5182 iu
1187 5142 1312 5184 carcere.
1338 5131 1403 5183 use
1418 5143 1485 5200 ergo
1507 5127 1589 5196 quasi
1603 5125 1727 5182 dimissa
1746 5126 1782 5183 ab
1802 5124 1862 5187 illle

95 5216 189 5287 ligura
208 5225 336 5288 quatuor
350 5214 536 5286 animalium,
552 5214 656 5288 aquila
676 5214 784 5273 volanti
801 5230 953 5286 compara·
1007 5216 1112 5274 scribit
1124 5215 1262 5287 loannes,
1278 5235 1342 5289 qoae
1361 5217 1430 5274 lecit
1444 5217 1530 5272 lesus
1555 5219 1711 5287 antequam
1735 5218 1862 5276 loannes

94 5310 144 5363 tur
159 5323 167 5361 :
183 5321 248 5378 qua
263 5305 343 5363 solat
361 5304 450 5363 albus
464 5305 576 5364 ceteris
590 5303 704 5377 aribus,
719 5313 744 5361 et
770 5304 841 5361 solis
856 5303 954 5361 radios
1008 5306 1208 5363 clauderetur:
1225 5308 1275 5364 sed
1291 5305 1415 5362 maxime
1425 5304 1602 5361 divinitatem
1618 5303 1862 5365 Christietl'rini·

99 5396 315 5454 irreverberatis
330 5395 612 5470 aspicitlumiulbus.
627 5394 727 5454 Ceteri
743 5396 852 5468 quippe
866 5410 954 5452 esau·
1008 5395 1076 5453 tatis
1091 5397 1259 5468 mysterium
1275 5394 1480 5452 commendere
1491 5394 1610 5451 curavit.
1627 5395 1699 5453 Tres
1713 5395 1861 5470 siquidem

99 5485 226 5559 gelista.
240 5488 291 5560 qui
307 5485 497 5559 temporalem
512 5486 619 5545 christi
637 5484 828 5548 nativitatem,
845 5489 955 5543 ottem-
1009 5487 1059 5543 atii
1073 5484 1343 5557 evangelistaedicta
1355 5492 1381 5540 et
1393 5483 1467 5543 lecte
1480 5483 1597 5544 Domini
1607 5486 1860 5560 temporatimque

100 5575 215 5649 poralia
228 5576 296 5649 ejus
310 5577 382 5635 laeta
397 5593 461 5649 que
476 5576 568 5649 gessit
582 5576 612 5632 iu
636 5575 765 5646 homine,
781 5575 956 5633 sultioienter
1010 5577 1048 5634 ad
1058 5576 1261 5635 informandos
1273 5589 1369 5634 mores
1381 5575 1443 5634 eltae
1454 5578 1604 5651 presentie
1616 5579 1741 5636 muime
1754 5578 1859 5647 valent,
