3952 6150
626 585 795 651 SAECULA
819 585 917 649 tt-V.
943 585 1038 649 anni
1058 584 1205 650 tat-430.

683 768 1151 1013 nannenus

111 1224 381 1301 ΑΗΟῘΟΗΗΜ
415 1223 473 1298 ΕΤ
502 1222 699 1298 ΟΡΕΗϋΜ
724 1224 801 1310 uui
834 1225 878 1298 tit
905 1225 999 1297 HOC
1021 1223 1191 1297 ΤΕΙΠΙΟ
1218 1223 1351 1298 totto
1376 1222 1722 1298 eonttntntun

777 1501 1065 1532 ···-·-0—·—-·

788 1784 828 1848 IN
856 1784 882 1849 11
910 1785 1047 1850 PARTE.

173 1919 377 1993 Quoeetiouurn
398 1919 630 1998 Evangeliornm
652 1922 722 1983 libri
743 1937 775 1984 n.
1457 1923 1526 1990 Coi.
1589 1922 1663 1986 teat

172 2017 374 2090 Quaesnonum
386 2022 596 2096 septemdecim
611 2021 642 2079 in
656 2018 852 2095 Evangeiinm
868 2022 1034 2081 seeundum
1050 2016 1219 2081 Maroneum
1234 2024 1312 2083 iiber
1326 2037 1418 2083 unus.
1588 2019 1667 2083 1365

175 2114 209 2178 ln
231 2115 355 2178 loannis
375 2116 573 2194 Evangeiium
595 2125 739 2177 tractatus
760 2132 858 2179 cxxiv.
1589 2117 1667 2180 tutti

175 2212 209 2276 lu
231 2213 396 2292 Epistulam
416 2212 541 2276 loannis
562 2216 600 2276 ad
622 2212 748 2275 Parthos
770 2224 913 2276 tractatus
935 2232 966 2275 x.
1589 2215 1667 2278 itit

171 2310 328 2389 Expositio
342 2314 539 2389 quarumdam
556 2315 793 2389 propositionum
809 2330 845 2371 ex
859 2310 993 2389 Epistola
1007 2315 1044 2373 ad
1060 2311 1221 2387 Romanos,
1239 2314 1315 2373 liber
1330 2329 1421 2374 unus.
1585 2311 1667 2373 2063

176 2408 317 2487 Epistola
337 2412 374 2470 ad
395 2407 546 2471 Romanos
568 2411 706 2470 inchoata
728 2406 896 2485 Expositio.
1587 2410 1666 2472 uoti

176 2506 331 2584 Expositio
352 2506 493 2583 Epistola
513 2510 551 2568 ad
572 2505 703 2581 Galatas,
725 2509 801 2568 iiber
824 2524 913 2569 unus.
1587 2507 1668 2569 tito

662 2691 868 2759 CONTENTA
888 2692 927 2756 [N
947 2691 1176 2758 aristentus.

177 2851 219 2915 De
241 2855 431 2914 mirabilibus
452 2870 544 2915 saure
566 2852 727 2928 Scriptura
740 2856 809 2915 iibri
825 2870 866 2915 ιιι.

178 2947 221 3012 De
242 2952 500 3012 benedictionibus
522 2953 699 3028 patriarcnae
720 2949 821 3013 iacob.

178 3047 363 3121 Quaestionee
385 3047 497 3111 Veteris
518 3058 548 3109 et
568 3047 642 3110 Novi
664 3046 858 3111 Testamenti.

177 3143 210 3207 in
231 3144 266 3207 B.
289 3144 412 3208 loannis
432 3146 647 3223 npooaiypstm
668 3145 835 3224 Expositio.

369 5639 466 5705 Gliohy.
481 5668 513 5678 -
529 5641 564 5691 Ex
578 5644 648 5707 typis
664 5643 748 5694 tnui.
765 5640 897 5703 oneum.
912 5646 952 5701 Β,
969 5642 1011 5692 vti
1026 5641 1096 5693 dieta
1109 5642 1321 5693 Bae-d'Asnieres.
1335 5643 1491 5694 omnious.
