3952 6150
132 350 213 427 1895
610 354 649 418 lit
673 355 838 419 tuturus
859 352 1130 426 EVANOELIUM,
1152 356 1185 418 S.
1208 354 1419 420 AUGUSTlNl
1819 358 1900 423 1896

127 509 260 564 erimus:
277 505 454 577 scimusquio
470 519 532 560 cum
550 503 761 573 manifestatum
775 497 874 574 suerit,
887 496 988 554 similos
1043 510 1096 553 neo
1110 499 1208 553 umen
1223 495 1253 552 in
1269 495 1359 569 hujus
1373 496 1507 555 desiderii
1523 496 1711 570 parturitione
1720 499 1783 556 sine
1793 498 1900 570 gaudio

128 597 280 667 eierimm,
291 597 424 671 quoniam
435 592 586 650 uidebimur
595 607 659 648 sum
667 592 751 648 sicuti
763 597 804 647 ert
814 589 837 657 (l
852 590 930 646 ioan.
943 602 987 652 ur,
1042 585 1139 643 tristes
1155 586 1260 655 simus,
1272 586 1322 644 sed
1339 586 1416 645 siout
1431 585 1472 643 uit
1487 585 1649 659 Apostolus,
1664 587 1717 660 Sps
1736 588 1898 659 eosdemse,

128 687 168 758 2).
184 686 242 744 latu
264 686 337 743 visio
358 701 416 742 non
442 683 506 740 vitm
532 681 623 753 hujus
643 686 699 750 est,
715 682 764 738 sed
781 680 907 747 iuturm3
927 692 986 734 non
1041 674 1072 729 im
1096 674 1273 733 tribulatione
1292 675 1761 751 paitmm(nom.x11,12);quta
1781 680 1810 734 et
1833 677 1899 751 ipsu

128 775 310 851 temporalis,
325 773 377 832 sed
392 778 501 831 osterna
517 771 537 826 ¹.
551 771 612 827 lisso
624 777 665 828 ert
684 774 774 828 autem
793 768 851 825 vito
869 771 987 832 misma,
1042 764 1215 836 parturiens,
1228 767 1274 822 oui
1286 765 1448 839 conparati
1459 782 1573 833 snmus,
1585 766 1651 839 plus
1667 768 1769 838 gaudet
1782 767 1818 823 do
1829 783 1898 825 mox

128 867 245 925 dicente
259 865 404 938 ipsanio,
418 873 447 920 ui
459 864 669 933 cognoscentis,
680 860 784 935 inquit,
797 876 883 916 unum
894 872 987 915 oerum
1042 854 1140 912 lutura
1154 853 1245 929 prole,
1257 857 1332 927 quod
1347 854 1441 913 tristis
1456 860 1500 914 est
1514 857 1548 914 de
1564 855 1700 930 prasenti
1715 854 1822 914 dolore.
1840 857 1896 914 Sed

127 956 225 1023 Deum,
235 962 263 1014 et
276 970 356 1029 qusm
368 953 473 1009 misisti
490 953 582 1009 iesum
606 951 744 1009 Christum
758 951 849 1023 (ioan.
861 963 931 1017 svn,
947 946 986 1020 3).
1041 944 1130 1017 bujus
1142 945 1287 1003 sermonis
1298 946 1353 1004 iste
1364 946 1402 1004 sit
1412 945 1498 1004 linis:
1512 947 1619 1005 babent
1629 947 1707 1004 enim
1719 948 1896 1021 questionem

27 1046 30 1053 '
127 1044 168 1105 lle
182 1045 237 1103 huo
257 1043 370 1101 risione
392 1046 421 1099 ot
444 1041 611 1115 cognitione
625 1041 695 1097 dieii
709 1040 889 1112 Apostolus:
906 1036 987 1094 Vide-
1041 1030 1279 1091 molestissimam
1301 1050 1364 1106 qua
1389 1039 1565 1106 sequuntur,
1582 1050 1634 1091 neo
1656 1034 1798 1093 breuitate
1812 1050 1896 1092 coar·

127 1149 333 1205 musmumcper
349 1131 489 1204 specuium
505 1132 536 1185 im
552 1131 712 1201 aenipmuis,
729 1135 796 1185 iuste
808 1141 901 1185 eurem
915 1127 987 1199 iocis
1040 1123 1144 1180 eunde
1168 1127 1246 1193 suni,
1263 1131 1292 1180 ni
1309 1123 1423 1196 possint
1438 1123 1631 1195 commodius,
1646 1124 1672 1183 si
1687 1122 1829 1181 Dominus
1844 1139 1897 1182 ro-

126 1222 276 1297 adfaciem
289 1240 299 1277 .·
312 1237 386 1279 nutis
399 1223 456 1278 scio
474 1235 512 1277 ex
533 1228 626 1292 ports,
644 1226 814 1275 tumuerim
827 1232 986 1291 cognoscem
1041 1210 1138 1279 luerit,
1155 1211 1301 1285 expliesri.
1644 1250 1648 1258 .

126 1316 198 1371 siout
214 1313 452 1386 stmpnitrsrum
466 1309 561 1382 (icor.
576 1323 638 1379 xrn,
651 1309 719 1365 tuat
735 1308 788 1378 13).
805 1308 887 1366 iluna
898 1306 986 1364 totius
1325 1300 1533 1359 TRAGTA'I'US
1552 1302 1611 1360 cit.

125 1396 984 1481 istorissuitructumscelestarumparturtiussidsranm,
1040 1388 1077 1445 De
1090 1404 1123 1446 ιο
1137 1389 1209 1464 quod
1229 1389 1427 1463 deminuerit,
1441 1391 1546 1462 Amen,
1562 1406 1646 1447 emen
1671 1389 1736 1448 diro
1761 1390 1853 1460 robis,
1869 1390 1896 1448 si

14 1550 19 1565 ,
126 1498 198 1550 tune
210 1495 254 1549 est
267 1492 399 1563 peritura
414 1489 562 1547 cernendo
580 1505 587 1544 :
602 1503 680 1545 nune
693 1485 817 1560 parturii
831 1484 985 1557 gemendo,
1077 1478 1147 1551 quid
1162 1479 1303 1551 petieritis
1316 1479 1427 1538 Patrem
1443 1480 1474 1538 in
1490 1481 1606 1538 nomine
1618 1496 1692 1551 meo,
1704 1480 1784 1537 dabit
1795 1481 1895 1548 uobis;

33 1622 37 1629 .
125 1579 344 1651 tunopariture
365 1577 509 1644 iaetand03
533 1591 611 1632 nuno
634 1574 759 1648 pertnrit
779 1574 986 1646 orando,tuno
1077 1569 1387 1642 supertriquartus
1403 1568 1893 1644 relinquemundurn,etusdoad

127 1668 259 1742 paritura
277 1667 436 1725 laudando.
453 1666 486 1722 ni
501 1665 565 1723 ideo
587 1665 769 1734 masculum
785 1664 925 1737 quoniam
948 1662 986 1721 sd

127 1759 219 1815 istum
231 1757 357 1813 iruotum
370 1753 626 1828 contemplationis
637 1759 741 1810 cuncte
751 1752 845 1810 oiiloia
856 1752 985 1810 relerun·

129 1856 176 1904 tur
186 1845 320 1904 astionis.
330 1843 466 1902 sotusesi
480 1846 559 1901 enim
570 1843 663 1914 liber;
680 1843 878 1917 quiapropter
894 1859 925 1900 se
935 1860 984 1917 ap·

129 1937 250 2011 petitur,
264 1941 294 1992 et
309 1952 366 1993 non
386 1936 511 1991 retertur
525 1935 559 1990 ad
576 1935 667 1991 uliud.
685 1934 757 1992 iiuio
779 1934 868 1991 seruit
883 1932 958 1989 antio
975 1958 982 2000 :

126 2027 161 2085 sd
178 2026 257 2083 buno
272 2025 351 2081 enim
376 2024 501 2081 retertur
530 2023 674 2097 quidquid
698 2023 772 2080 bone
792 2023 899 2095 igitur,
915 2022 983 2094 qnia

126 2122 244 2191 propior
259 2116 337 2173 buno
354 2114 465 2188 agitur;
486 2114 547 2188 ipse
566 2119 664 2172 autem
686 2131 742 2170 non
764 2111 982 2186 proptersiiud,

126 2207 177 2264 sed
194 2211 313 2280 propter
327 2206 522 2277 semetipsum
539 2206 652 2261 tenetur
666 2208 695 2260 et
710 2202 842 2260 babetur.
854 2202 897 2259 ibi
913 2216 982 2274 orgo

126 2295 196 2353 ssnis
213 2295 264 2369 qui
280 2294 390 2352 suidoii
410 2294 505 2351 nobis.
522 2292 658 2351 AEternus
679 2293 767 2366 igitur
790 2293 845 2350 arii
860 2309 868 2349 ε
885 2306 980 2364 neque

125 2383 205 2441 enim
221 2382 307 2441 nobis
322 2382 430 2440 sullicit
446 2382 523 2451 fluis,
540 2382 596 2439 nisi
612 2384 699 2454 onius
719 2382 818 2440 nullus
833 2385 878 2438 est
902 2380 981 2438 liuta.

125 2474 185 2529 iios
195 2470 371 2544 inspiratum
395 2478 454 2527 erat
471 2470 603 2543 Phiiippo
618 2470 736 2545 quando
751 2469 824 2526 dixit
840 2490 848 2532 ς
866 2467 982 2526 Ostende

125 2561 204 2620 mobis
217 2563 343 2632 Putrem,
357 2567 387 2619 st
407 2561 509 2633 suificit
528 2561 667 2618 urbisin
689 2578 747 2634 qua
762 2559 931 2618 ostensione
950 2576 982 2619 se

128 2651 300 2725 promisitet
313 2650 404 2709 Filius
422 2651 523 2707 dicans
534 2667 541 2706 :
552 2650 614 2706 l'on
628 2649 716 2706 credis
735 2648 803 2721 quia
815 2665 862 2722 eqo
878 2649 909 2705 i’ti
924 2650 981 2705 Pe·

126 2746 178 2810 trs,
194 2746 221 2797 et
232 2745 317 2797 Pater
331 2738 362 2796 in
378 2754 422 2795 me
438 2744 478 2794 est
492 2739 581 2810 (ioan.
598 2736 697 2809 sumit,
713 2737 782 2810 105?
801 2738 840 2794 De
855 2737 910 2794 boo
926 2738 979 2795 iia·

126 2844 184 2901 que
194 2828 270 2901 quod
280 2826 391 2884 suflicit
402 2827 494 2896 nobis,
508 2825 670 2883 rectissime
688 2825 833 2894 eudimus,
845 2824 980 2883 Gaudium

123 2925 244 2976 uestrum
256 2932 336 2974 nemo
346 2916 422 2973 mitet
435 2932 453 2971 ο
472 2915 555 2973 roim.

160 3005 315 3064 d.1ieboo
334 3006 420 3063 etism
441 3022 504 3078 que
525 3003 661 3077 superius
680 3004 760 3062 dieis
775 3007 858 3072 sunt,
874 3004 979 3064 melius

124 3096 259 3156 existimo
276 3094 413 3167 intelligi,
433 3094 565 3152 lodicum
584 3097 610 3151 st
624 3095 687 3167 jum
706 3111 761 3152 mos
780 3094 906 3153 uidebitis
925 3111 977 3167 ms,

125 3191 259 3248 etiterum
274 3188 416 3245 modicum
426 3190 452 3243 ei
471 3186 599 3244 uidebitis
615 3202 669 3244 rus.
681 3187 825 3244 blodioum
840 3191 885 3244 est
899 3187 977 3244 enim

126 3279 180 3338 boo
199 3281 294 3336 totum
312 3277 438 3351 spatium
458 3292 515 3348 quo
531 3291 656 3347 prasens
671 3276 800 3348 perroisi
815 3275 976 3334 amonium:

127 3368 204 3426 unde
214 3366 285 3426 dioit
300 3366 378 3424 idem
391 3367 453 3439 ipse
469 3364 647 3437 euangelista
657 3365 687 3421 in
704 3364 832 3438 Epistola
842 3381 908 3432 sua,
923 3364 978 3424 lio·

124 3458 239 3515 sissima
248 3457 317 3514 loro
335 3462 376 3514 est
393 3456 418 3527 (i
431 3456 511 3512 ioum.
525 3471 557 3524 u,
570 3454 625 3527 18).
637 3454 703 3512 ideo
715 3471 840 3527 nemque
855 3452 977 3527 eddidit,

124 3547 191 3621 quis
211 3546 278 3605 este
297 3545 332 3602 ad
353 3547 474 3614 Patrem,
490 3544 568 3617 quod
592 3544 629 3601 ad
654 3544 778 3617 priorem
802 3543 978 3601 senientiam

7 3656 18 3677 ⁸
123 3637 309 3696 referendum
327 3642 383 3704 eat,
396 3636 446 3693 ubi
461 3637 511 3705 uit,
528 3635 695 3692 liudieumst
707 3636 767 3708 jum
784 3652 838 3692 riom
854 3635 979 3693 videtitis

124 3743 167 3786 me
174 3744 187 3796 ;
201 3743 260 3786 non
270 3726 308 3784 ed
318 3727 508 3798 posteriorem
520 3725 569 3783 ubi
584 3726 635 3794 ait,
645 3733 671 3782 et
686 3727 786 3782 iterum
802 3725 939 3782 ineditum
952 3735 979 3783 st

123 3816 254 3874 videtitis
270 3831 322 3872 ms.
339 3815 440 3871 Eundo
458 3814 567 3887 quippe
582 3816 617 3872 ad
635 3816 762 3883 Putrem,
778 3816 907 3872 lecturus
918 3819 980 3874 erat

124 3911 159 3964 ut
168 3920 235 3961 eum
248 3920 306 3961 non
317 3904 458 3960 uiderent.
471 3909 511 3959 tto
522 3920 573 3976 per
582 3903 637 3960 boo
648 3919 705 3961 non
719 3905 784 3962 ideo
796 3904 906 3962 diotum
922 3909 978 3976 est,

125 3993 197 4067 quis
206 3992 300 4050 iuerat
312 3994 482 4061 moriturus,
493 3997 522 4049 ei
536 3993 629 4051 donee
640 4000 816 4067 resurgeret,
828 3994 865 4051 eb
876 4010 979 4053 eorum

125 4081 292 4156 sapeeiibus
305 4096 494 4149 recessurum
511 4082 560 4137 sed
575 4083 653 4152 quod
669 4086 746 4140 esset
757 4083 851 4140 iturus
866 4083 904 4141 ed
925 4089 979 4142 Pa·

125 4179 209 4243 trem,
224 4170 300 4245 quod
323 4171 390 4229 teuit
412 4178 601 4244 posteaquam
618 4173 785 4241 resurrexit,
807 4178 835 4230 et
852 4190 916 4230 oum
937 4174 979 4232 ela

124 4260 381 4338 perqusdragints
395 4261 458 4317 dies
477 4264 665 4317 conversatus
679 4261 811 4318 escendit
829 4260 859 4317 in
875 4263 979 4321 omium

123 4351 193 4425 (tei.
210 4367 231 4422 t,
245 4352 274 4421 3,
284 4351 323 4423 9).
340 4351 401 4409 lilia
416 4366 484 4423 ergo
500 4350 549 4422 uit,
568 4349 705 4408 liuditum
720 4355 746 4408 st
760 4352 817 4421 iam
835 4367 890 4409 mom
905 4353 979 4411 vide·

124 4440 188 4499 litis
211 4457 266 4510 ms,
281 4439 331 4512 qui
353 4457 421 4497 eum
442 4438 629 4511 corporaliter
652 4448 722 4496 tuno
745 4438 890 4507 ridebunt,
911 4442 980 4514 quia

123 4530 219 4587 iturus
230 4534 293 4589 erat
304 4531 339 4587 ad
351 4530 478 4600 Putrem,
491 4534 519 4585 et
533 4545 601 4586 sum
616 4529 753 4603 deinoeps
769 4529 920 4588 mortalem
936 4531 977 4587 ri·

124 4619 188 4678 suri
204 4636 262 4677 non
273 4622 370 4688 erant,
381 4619 498 4692 qualem
507 4635 576 4676 oum
587 4620 643 4676 ista
655 4619 823 4693 loqueretur
833 4619 977 4680 uidebant.

124 4707 205 4774 Quod
216 4725 283 4766 uero
295 4709 419 4772 addidit,
430 4718 459 4767 et
475 4713 577 4768 iterum
592 4709 728 4768 modicum
743 4719 769 4769 si
783 4711 911 4769 ridebitis
925 4728 978 4784 ms,

127 4798 268 4855 universa
278 4798 413 4871 promisit
425 4797 575 4856 beolario:
592 4800 669 4856 siout
682 4799 823 4857 universe
833 4799 978 4873 promisit,

123 4890 193 4948 nece
206 4903 255 4961 epo
269 4888 405 4945 vobiscum
421 4903 483 4945 sum
501 4903 586 4959 mque
600 4889 630 4945 in
645 4890 910 4947 consummationem
924 4904 980 4949 ss·-

128 4978 187 5038 ouli
211 4977 321 5051 (uerti.
337 4993 434 5048 ssent,
457 4978 512 5048 uu).
542 4975 605 5035 Non
630 4978 725 5034 tardat
749 4978 888 5035 [lominus
916 4994 979 5052 pro·

124 5070 248 5128 missum
266 5084 273 5126 ε
290 5066 750 5137 modinum,etvidebimuseu1n‚
764 5068 813 5124 ubi
826 5069 889 5140 jem
904 5068 978 5126 nibil

124 5173 273 5232 rogemus,
290 5157 363 5215 nibit
381 5157 612 5230 interrogemusr
632 5157 700 5229 quie
715 5155 788 5213 nibil
808 5157 979 5216 desideran-

123 5251 194 5306 dum
212 5247 384 5316 remanebit,
401 5245 474 5304 nibil
499 5246 688 5318 querendum
712 5244 824 5305 latebit.
840 5246 900 5305 lide
915 5264 979 5307 mo·

124 5325 224 5394 disum
235 5337 354 5410 tongum
366 5335 449 5394 nobis
460 5337 583 5405 ridetur,
595 5335 734 5408 quoniam
744 5334 840 5393 sdbuc
855 5336 954 5411 agitur
968 5353 977 5395 ε

123 5439 190 5482 eunr
206 5424 321 5483 [initum
337 5424 434 5494 luerit,
452 5429 521 5481 tuno
540 5424 703 5482 sentiemus
719 5440 807 5497 quens
830 5423 977 5482 modinum

123 5510 222 5570 inerit.
242 5516 305 5571 lton
321 5529 389 5587 ergo
413 5512 451 5570 sit
467 5514 607 5588 goudium
625 5518 760 5571 nostrum
780 5513 866 5587 quola
889 5513 978 5572 hebet

124 5600 261 5671 muudus,
272 5602 375 5674 dequo
392 5600 503 5659 dietum
514 5607 569 5670 est,
582 5601 698 5659 luridus
711 5606 804 5660 eutem
818 5601 977 5673 gaudebit:

158 5706 242 5761 ¹Trss
256 5706 330 5771 tiss..
343 5720 397 5762 mem
410 5706 577 5778 temporalis,
590 5707 638 5758 md
649 5711 760 5762 που.

1075 1656 1200 1715 Patrem.
1218 1659 1282 1734 Cep.
1299 1677 1357 1732 xvi,
1373 1661 1400 1732 i.
1417 1661 1516 1716 stt-28.

1075 1750 1101 1805 l.
1117 1749 1232 1808 Domini
1249 1752 1336 1809 rerba
1351 1768 1429 1809 nuno
1450 1752 1505 1810 ista
1523 1753 1677 1811 tractando
1701 1759 1781 1822 sunt,
1796 1752 1894 1819 Arum,

1038 1842 1380 1915 ommdirouobir,siquid
1388 1841 1529 1914 petieritis
1541 1844 1650 1899 Putrem
1661 1845 1690 1899 im
1700 1845 1812 1898 momine
1822 1857 1892 1907 meo,

1038 1930 1114 1988 debit
1129 1932 1213 1989 uobis.
1228 1932 1293 1988 iam
1310 1931 1420 1988 dietum
1433 1938 1478 1989 ost
1489 1934 1518 1989 in
1530 1932 1728 2006 superioribus
1743 1931 1833 2004 hujus
1844 1933 1895 1987 do·

1039 2023 1140 2082 minioi
1151 2022 1294 2081 sermonis
1304 2023 1686 2097 partibus‚proptereosqui
1697 2022 1894 2095 nonnullspe·

1037 2118 1105 2172 tunt
1114 2131 1132 2172 a
1142 2114 1225 2171 Patre
1235 2114 1266 2172 in
1277 2114 1383 2170 Christi
1394 2114 1524 2179 nomine,
1536 2129 1588 2170 nee
1599 2113 1756 2186 aoeipiunt,
1764 2128 1822 2170 non
1834 2114 1893 2184 peti

1038 2207 1068 2262 in
1080 2203 1199 2262 nomine
1209 2202 1516 2275 Salusiorisquidqnid
1524 2202 1740 2276 petiturrontra
1746 2204 1891 2260 rationem

1037 2295 1142 2352 salutis
1156 2294 1269 2367 (Supra,
1282 2295 1369 2351 Traet.
1386 2292 1443 2364 75).
1460 2292 1521 2349 tion
1544 2292 1622 2349 enim
1648 2307 1751 2350 sonum
1777 2290 1892 2349 litteru-

1037 2400 1103 2442 rum
1115 2400 1149 2442 uo
1158 2382 1347 2455 syllabarum,
1358 2384 1409 2439 sed
1425 2382 1504 2454 quod
1519 2398 1609 2440 sonus
1620 2381 1683 2454 ipse
1693 2381 1853 2455 signiiioet,
1865 2389 1894 2438 et

1036 2474 1114 2547 quod
1126 2488 1159 2531 eo
1170 2489 1242 2531 sono
1259 2481 1335 2531 reete
1349 2488 1382 2528 ao
1394 2472 1533 2531 serseiter
1547 2471 1732 2544 intelligitur,
1744 2471 1798 2528 boo
1815 2471 1894 2528 eooi-

1036 2563 1161 2637 piendus
1172 2569 1217 2621 ost
1228 2563 1324 2621 disere
1334 2579 1401 2620 oum
1412 2561 1494 2632 dioii,
1506 2563 1537 2618 iu
1547 2563 1659 2619 momine
1669 2577 1739 2618 meo.
1751 2558 1832 2618 Unde
1843 2559 1894 2634 qui

1036 2653 1091 2710 boe
1107 2653 1195 2711 sentit
1206 2653 1367 2710 derristo
1381 2651 1458 2725 quod
1475 2668 1532 2709 non
1543 2656 1588 2709 est
1598 2651 1633 2707 de
1648 2651 1736 2706 nnieo
1751 2650 1801 2709 liei
1821 2649 1893 2708 Filio

1035 2743 1233 2811 sentiendum,
1245 2760 1302 2801 non
1317 2744 1387 2815 petii
1397 2742 1427 2798 in
1437 2743 1501 2814 eiua
1513 2742 1641 2809 nornine,
1651 2740 1767 2798 etiamsi
1779 2756 1838 2797 non
1848 2745 1893 2798 iss

1035 2838 1100 2892 oeni
1109 2834 1212 2892 litteris
1223 2851 1256 2892 uo
1266 2833 1384 2908 syllabis
1395 2832 1554 2902 Christum
1567 2832 1706 2905 quonism
1716 2830 1746 2888 ln
1757 2832 1825 2905 ejus
1834 2847 1889 2888 no·

1036 2924 1115 2983 mine
1131 2924 1212 2996 petit,
1224 2939 1312 2999 quem
1326 2922 1435 2996 rogitat
1449 2939 1515 2979 oum
1526 2921 1666 2996 petiioni
1675 2935 1744 2978 uero
1754 2920 1835 2994 qnod
1843 2924 1891 2978 ost

1035 3013 1071 3070 de
1086 3011 1136 3070 ilio
1152 3012 1336 3070 sentiendum
1352 3010 1451 3081 sentit,
1467 3010 1527 3083 ipse
1543 3011 1573 3068 in
1589 3010 1653 3081 ejus
1668 3009 1786 3066 nomine
1802 3008 1890 3081 pstit3

1034 3108 1063 3161 ei
1073 3103 1178 3178 arripit
1188 3104 1265 3175 quod
1277 3103 1357 3176 petit,
1368 3102 1393 3158 si
1403 3119 1461 3159 non
1473 3108 1573 3158 oontru
1583 3117 1667 3157 suam
1678 3098 1804 3157 salutem
1815 3113 1892 3157 sem·

1035 3195 1178 3266 piternem
1195 3194 1274 3266 petii.
1286 3193 1398 3265 Aooipit
1412 3201 1508 3251 autem
1520 3193 1636 3265 quando
1647 3190 1733 3249 debet
1742 3190 1888 3263 aeoipere.

1034 3285 1170 3351 Quosdam
1186 3283 1264 3341 enim
1281 3298 1339 3341 non
1355 3287 1510 3355 negantur,
1522 3282 1573 3338 sed
1589 3290 1618 3339 ui
1634 3296 1765 3353 oongruo
1781 3280 1890 3337 dentur

1035 3377 1165 3446 tempore
1180 3371 1364 3429 differuntur.
1378 3371 1421 3428 lis
1435 3386 1506 3428 sane
1521 3369 1744 3442 intelligendum
1755 3368 1889 3441 estquod

1034 3463 1086 3532 ait,
1098 3461 1176 3519 ttulit
1185 3461 1269 3528 urbm,
1281 3467 1314 3518 ut
1323 3475 1357 3517 ea
1367 3459 1509 3517 beneitois
1520 3458 1685 3530 signilioets
1695 3458 1827 3515 sciantur
1840 3455 1889 3513 bis

1034 3551 1140 3622 uerbis,
1153 3567 1217 3625 qum
1232 3552 1269 3608 ad
1284 3566 1334 3608 eos
1349 3550 1398 3623 qui
1414 3553 1516 3623 petunt
1531 3547 1648 3624 proprie
1663 3546 1821 3621 pertinent.
1832 3545 1889 3603 Ex·

1033 3642 1189 3699 audiuntur
1203 3641 1311 3714 quippe
1326 3657 1428 3698 ornnes
1447 3638 1542 3698 saucii
1557 3655 1608 3712 pro
1624 3637 1742 3709 seipsis,
1759 3653 1816 3694 non
1833 3653 1889 3692 au-

1033 3734 1093 3787 tem
1109 3746 1159 3802 pro
1174 3730 1312 3786 omnibus
1327 3727 1525 3786 exaudiuntur
1535 3726 1577 3785 rel
1588 3725 1691 3785 amicis
1702 3723 1746 3782 uel
1758 3724 1889 3781 inimicis

1033 3819 1107 3887 suis,
1116 3818 1161 3875 rel
1169 3817 1348 3890 quibuslibet
1359 3817 1425 3874 aliis
1437 3833 1445 3873 τ
1456 3817 1523 3890 qula
1534 3832 1592 3873 nou
1603 3819 1763 3886 uirumque
1774 3815 1888 3870 dictum

1033 3915 1086 3979 est,
1101 3907 1179 3965 dabit
1186 3925 1197 3973 ,·
1211 3907 1263 3964 sed
1278 3907 1352 3964 dubii
1366 3907 1449 3965 vobis.

1068 3998 1096 4056 2.
1113 3999 1199 4071 lisque
1214 3998 1302 4069 modo,
1319 3997 1423 4070 inquit,
1439 4012 1492 4054 rou
1509 3997 1615 4071 petistis
1629 3994 1780 4068 quidquam
1796 3995 1825 4050 iu
1839 4008 1889 4049 no·

1033 4089 1108 4146 mins
1121 4103 1191 4145 meo.
1207 4087 1306 4156 Petite,
1321 4098 1346 4144 st
1360 4088 1509 4160 accipistis,
1519 4093 1550 4143 ui
1565 4084 1702 4156 goudium
1718 4087 1835 4141 restrum
1850 4084 1889 4138 rit

1032 4175 1158 4252 pienum
1167 4178 1224 4235 iloo
1233 4178 1310 4250 quod
1320 4177 1391 4234 dioit
1400 4176 1541 4251 gaudium
1554 4173 1888 4249 plenum,proieoionon

1034 4267 1160 4337 omnale,
1175 4267 1228 4325 sed
1241 4266 1395 4340 spirituale
1409 4266 1551 4340 gaudium
1567 4269 1613 4322 esi
1628 4282 1634 4320 :
1647 4273 1674 4321 ot
1689 4263 1808 4338 quando
1823 4266 1889 4318 tan·

1034 4368 1095 4418 tunt
1106 4358 1173 4428 erit,
1185 4362 1217 4415 ui
1228 4356 1339 4429 aliquid
1349 4358 1376 4414 ei
1386 4357 1450 4428 jam
1469 4373 1527 4413 non
1542 4356 1581 4413 sit
1596 4354 1774 4419 addendum,
1785 4349 1888 4424 procul

1034 4448 1123 4506 dublo
1139 4454 1209 4506 iuno
1224 4444 1276 4503 erit
1292 4445 1421 4519 plenum.
1438 4445 1584 4519 Quidquid
1600 4461 1669 4518 ergo
1684 4444 1795 4516 petitur
1809 4443 1888 4513 quod

1033 4539 1178 4612 pertineat
1190 4534 1228 4593 ad
1242 4535 1297 4594 hoo
1312 4537 1449 4609 gaudium
1465 4534 1715 4609 consequendum,
1729 4532 1784 4590 boe
1798 4540 1841 4588 est
1857 4530 1889 4586 in

1033 4624 1265 4686 nomineGbristi
1275 4627 1441 4697 petendum,
1449 4625 1609 4682 sidivinatn
1621 4621 1815 4695 intelligimus
1823 4638 1889 4692 gru·

1034 4718 1115 4788 tium,
1127 4717 1152 4775 si
1164 4732 1228 4775 uere
1239 4717 1353 4774 beatam
1365 4716 1514 4789 poscimus
1525 4710 1776 4785 vitam.indquid
1788 4715 1888 4768 autem

1032 4804 1112 4862 aliud
1134 4804 1252 4878 petitur,
1269 4803 1341 4862 nibil
1365 4805 1471 4878 petitur
1487 4822 1495 4861 :
1513 4820 1570 4862 non
1585 4801 1654 4876 quia
1669 4798 1752 4857 nulla
1766 4798 1889 4857 omnino

1034 4910 1081 4954 res
1091 4898 1146 4963 est,
1157 4895 1207 4951 aed
1224 4893 1294 4967 quia
1308 4893 1338 4951 in
1353 4897 1441 4951 tsntm
1457 4893 1497 4951 rei
1513 4891 1729 4966 comparatione
1744 4887 1889 4962 quidquid

1034 4983 1112 5042 aliud
1135 4984 1360 5057 oonoupisoitur,
1385 4983 1458 5040 nibii
1480 4988 1533 5041 esi.
1558 4982 1657 5054 Neque
1670 4978 1748 5038 enirn
1766 4993 1890 5051 prorsus

1033 5073 1115 5132 nulla
1130 5091 1175 5131 res
1189 5077 1236 5131 est
1250 5073 1349 5140 bomo,
1361 5073 1396 5130 de
1407 5089 1464 5147 quo
1473 5074 1514 5130 eit
1523 5067 1762 5147 Apostolusrdui
1771 5084 1800 5124 rs
1808 5071 1891 5140 putot

1031 5164 1142 5239 aliquid
1155 5180 1221 5232 esse,
1236 5180 1300 5221 sum
1314 5163 1388 5220 sinti
1400 5166 1439 5220 rit
1454 5163 1556 5236 (dotat.
1573 5179 1614 5230 rr,
1627 5162 1667 5235 3).
1686 5162 1715 5216 ln
1731 5174 1891 5231 eompara-

1034 5254 1111 5313 tione
1131 5255 1239 5328 quippe
1260 5252 1421 5326 spiritualis
1437 5253 1577 5322 bominis,
1592 5251 1642 5324 qui
1658 5249 1714 5307 seit
1727 5248 1822 5322 grstia
1838 5248 1890 5305 Dei

1032 5360 1062 5401 se
1076 5360 1141 5402 esse
1156 5344 1234 5418 quod
1249 5345 1303 5413 ost,
1319 5341 1453 5416 quisquis
1468 5358 1541 5399 uena
1564 5338 1724 5415 presumit,
1740 5336 1815 5395 nibil
1831 5341 1889 5394 est.

1031 5433 1125 5491 litium
1150 5431 1191 5490 sio
1214 5447 1281 5505 argo
1305 5436 1382 5489 reete
1406 5431 1530 5505 intelligi
1561 5434 1664 5505 potest,
1688 5430 1787 5500 imum,
1809 5442 1891 5484 amm

1031 5522 1185 5592 diseretis,
1196 5522 1296 5595 siquid
1310 5521 1446 5596 petieritis
1461 5526 1572 5579 Patrem
1586 5522 1616 5578 iu
1631 5521 1742 5579 nomime
1755 5532 1827 5588 mm,
1837 5517 1890 5573 do·

1031 5612 1071 5669 bit
1084 5611 1177 5677 voitu
1193 5616 1225 5668 ui
1240 5612 1294 5670 boe
1310 5612 1386 5686 quod
1401 5613 1453 5682 ait,
1467 5611 1585 5686 siquid,
1601 5628 1659 5669 non
1674 5606 1827 5684 quodlibet
1841 5609 1889 5665 in·

1030 5698 1191 5776 telltgsiur,
1205 5701 1256 5761 ssd
1274 5701 1386 5777 ailquid
1402 5704 1481 5780 quod
1501 5718 1561 5761 non
1575 5701 1607 5761 in
1621 5704 1712 5764 umis
1726 5700 1792 5759 riter
1805 5712 1889 5759 eorn-
