3952 6150
100 364 176 433 test

95 507 247 566 charitate.
263 505 356 563 Simul
371 506 448 564 enim
461 521 526 562 cnm
546 505 657 579 iniquis
671 506 811 577 vivimus;
822 504 872 563 sed
890 521 946 562 non

95 613 155 654 aaa
169 596 226 655 rita
240 599 286 654 est
308 594 439 652 omnium
457 610 465 650 τ
481 595 511 652 in
531 593 642 653 occulto
657 594 832 662 dirimimur,
849 595 879 651 in
902 610 949 650 oo-

94 686 174 744 onlto
188 701 375 758 separamnr;
392 687 537 758 quomodo
553 701 643 758 grana
659 686 689 742 tn
704 702 781 754 aras,
799 701 858 742 non
874 701 948 757 quo·

94 777 181 836 modo
195 790 286 850 grana
300 775 331 831 in
348 774 460 831 borreo.
476 774 511 829 ut
527 782 701 846 separantur
715 789 807 846 grana
822 772 852 829 in
870 788 947 840 area,

73 910 80 921 ,
94 872 125 928 st
139 866 296 925 miscentur
307 882 314 921 ε
324 870 504 938 separantur,
517 880 583 920 cum
600 881 617 920 a
633 863 715 937 palea
729 862 928 936 exspoliantur
940 880 947 930 ;

44 1018 49 1025 ,
94 956 266 1025 miscentur,
287 953 355 1027 quia
378 955 507 1010 nondum
531 951 720 1010 ventilantur.
741 952 823 1009 'luno
849 958 949 1024 aperta

94 1047 151 1107 erit
164 1044 322 1119 separatio,
337 1044 412 1101 sicut
424 1058 550 1112 morum,
563 1043 604 1100 sic
614 1047 642 1100 et
652 1041 717 1098 vita
728 1058 736 1109 ;
749 1042 826 1099 siout
836 1042 950 1114 sapien·

97 1136 155 1207 tlte,
170 1136 212 1193 ita
223 1138 253 1191 et
267 1148 434 1206 corporum.
450 1134 538 1189 ibunt
552 1132 603 1204 qui
616 1131 841 1202 benefecerunt,
853 1133 949 1190 vivere

96 1240 163 1284 oum
181 1222 301 1296 Angelis
322 1222 369 1279 Dei
385 1240 392 1280 :
409 1221 458 1295 qui
483 1223 559 1280 male
584 1226 714 1294 egerunt,
730 1221 859 1294 torqueri
880 1236 948 1279 cum

95 1311 211 1370 diabolo
225 1315 254 1369 et
272 1311 383 1384 angelis
397 1311 471 1382 eius.
488 1312 523 1367 tat
545 1311 669 1368 transiet
690 1312 784 1367 torma
806 1310 890 1367 servi.
907 1310 948 1366 Ad

95 1401 239 1459 hocenlm
255 1416 287 1459 ae
302 1404 528 1473 praesentaverat
543 1407 575 1457 ut
587 1401 694 1457 laceret
703 1399 869 1471 judicium:
887 1403 950 1472 post

91 1490 240 1563 Jndlelum
255 1494 356 1562 perget
369 1490 449 1560 bino,
465 1491 550 1546 ducet
567 1505 668 1547 secum
683 1505 790 1563 corpus
806 1490 853 1545 cui
863 1493 952 1561 caput

96 1583 151 1650 ast,
166 1582 196 1635 st
208 1579 308 1638 niteret
323 1594 447 1652 regnum
463 1578 521 1635 Deo
532 1579 554 1652 (Ι
570 1580 632 1635 Cor.
648 1595 695 1650 xv,
707 1580 764 1650 et).
775 1580 856 1634 Tunc
867 1578 952 1649 plane

58 1740 61 1745 Ι
95 1668 241 1727 videbitur
256 1669 350 1725 torma
364 1668 415 1725 illa
432 1670 490 1738 Dei,
507 1685 571 1742 qua
583 1685 638 1726 non
651 1669 844 1741 potuitvlderl
856 1670 891 1725 ab
902 1665 953 1723 ini-

96 1758 175 1833 quis,
198 1775 324 1832 quornm
348 1759 453 1816 visioni
477 1761 570 1817 torma
592 1760 666 1817 servi
691 1760 856 1817 exbibenda
879 1763 951 1817 erat.

95 1846 175 1906 nteit
188 1856 216 1906 et
230 1848 299 1905 alibi
316 1849 358 1905 sic
375 1865 382 1905 ι
398 1849 479 1906 lburrt
492 1849 542 1907 isti
557 1851 585 1905 ta
606 1848 806 1907 ambustionem
819 1860 953 1906 aternam

97 1936 144 2005 lde
157 1936 334 2008 quibusdam
351 1938 489 2009 sinistris)
501 1958 508 2008 ς
520 1939 588 2007 iusti
602 1947 693 1996 nutem
707 1941 738 1995 ia
761 1941 851 1996 uttam
870 1942 952 1997 aeter-

97 2042 163 2084 nom
182 2026 288 2100 (narrt.
313 2044 378 2093 xxv,
395 2028 465 2099 ld):
490 2029 526 2084 de
550 2045 607 2101 qus
628 2029 686 2085 alio
722 2044 774 2086 oco
797 2029 878 2095 dicii,
895 2030 955 2084 llaec

96 2125 139 2174 sst
152 2120 244 2173 auum
269 2118 327 2173 utto
347 2124 511 2187 antemonet
533 2124 693 2191 coquoscuut
715 2122 741 2176 ts
755 2135 842 2174 unam
861 2135 956 2175 aarum

98 2205 194 2273 deam,
210 2211 239 2260 et
253 2221 332 2279 quem
345 2207 447 2262 misisti
461 2208 553 2263 lasum
564 2207 704 2264 Christum
725 2208 814 2279 (toan.
830 2224 899 2276 xvir,
914 2209 953 2279 3).

97 2296 177 2352 Tunc
198 2294 238 2351 ibi
253 2296 407 2368 apparebit
425 2296 475 2367 qui
489 2312 552 2352 cum
566 2299 598 2354 iu
620 2299 713 2365 [orma
738 2298 786 2353 bet
808 2305 886 2367 esset,
901 2312 956 2353 non

100 2384 230 2455 mpiaom
255 2385 408 2442 arbitratus
430 2393 469 2442 est
490 2400 546 2444 sese
567 2389 684 2461 ⁴aquatis
708 2389 760 2445 lteo
773 2389 907 2461 (Philipp.
924 2404 955 2459 ιι,

98 2473 129 2545 e)
147 2490 155 2531 t
170 2479 241 2531 tunc
263 2492 295 2532 ee
319 2478 453 2534 ostendet
476 2482 621 2547 quomodo
637 2495 668 2535 se
689 2479 879 2535 dilectoribus
894 2479 956 2536 suis

101 2569 290 2621 ostensurum
316 2567 457 2636 promisit.
475 2566 528 2635 Qut
542 2569 618 2623 euim
640 2566 731 2640 ttttqtt
744 2585 797 2637 me,
814 2567 864 2635 ait,
877 2585 956 2623 maa-

100 2650 169 2707 dota
183 2668 244 2709 msa
254 2652 394 2718 custodit,·
407 2665 433 2710 st
447 2658 495 2726 qui
514 2656 607 2727 diliqit
627 2672 680 2724 me,
692 2657 826 2727 ditiqstur
847 2658 958 2711 al’atre

101 2754 172 2807 mss,
185 2750 211 2795 et
230 2756 278 2812 eqo
292 2742 430 2815 dittiqam
445 2759 517 2810 sum,
533 2749 558 2800 st
572 2743 713 2800 ostendam
737 2747 873 2815 meipsum
901 2745 955 2801 itti.

102 2828 214 2893 Quibus
238 2828 421 2902 loquebatur,
438 2849 566 2905 pressans
589 2834 630 2891 eia
653 2840 737 2891 erat:
762 2837 813 2892 sed
834 2837 957 2894 lormam

103 2917 178 2975 sarri
192 2917 329 2975 videbant
342 2937 350 2991 3
362 2921 483 2978 termam
501 2931 595 2978 autem
606 2922 656 2979 Dei
672 2940 730 2980 non
745 2924 893 2981 videbant.
905 2930 959 2983 Per

99 3004 467 3079 lamentumadstabulum
478 3011 855 3082 ducebanturcuraadi,sed
866 3016 960 3072 sanati

104 3098 260 3168 videbun13
285 3100 354 3172 qnia
378 3102 529 3171 ostendum,
547 3104 651 3175 inquit,
665 3107 799 3177 meipsam
813 3106 872 3164 itti.
889 3109 960 3174 Quo·

106 3189 194 3247 mode
209 3190 374 3248 ostenditur
387 3193 505 3264 aequalis
522 3194 597 3251 Patri
612 3195 626 3250 t
640 3195 713 3252 Cum
730 3197 802 3253 dicit
812 3198 958 3273 Philippo,

107 3276 436 3350 poemaninensium
451 3283 561 3339 Patrem
571 3300 665 3340 meunt
681 3286 773 3358 (loun.
787 3305 844 3356 mv,
859 3290 904 3356 21,
920 3289 958 3364 9).

143 3367 187 3425 te.
207 3369 267 3426 lton
293 3385 404 3441 possum
422 3387 472 3441 eqo
499 3388 516 3428 o
544 3376 646 3445 meipso
668 3376 758 3444 [acere
785 3377 959 3451 quidquam:

107 3456 180 3515 sicat
192 3458 280 3516 audio
299 3459 406 3530 iudico,
421 3467 447 3518 et
456 3462 596 3533 judiciam
610 3467 816 3536 msumiustum
828 3469 962 3534 canonia

108 3546 216 3605 dicturi
232 3548 420 3619 inieramus,
436 3551 479 3607 'lu
491 3553 649 3625 judicabis,
666 3560 695 3611 et
707 3560 789 3614 Pater
804 3575 862 3615 non
883 3560 963 3631 judi·

108 3640 198 3712 nabit,
222 3640 290 3713 quia
313 3657 393 3699 omas
402 3642 540 3714 judicium
563 3646 638 3701 dedit
652 3647 741 3715 Filio,·
758 3665 816 3705 non
832 3666 901 3723 ergo
917 3668 963 3708 se·

109 3730 238 3786 nundum
254 3729 369 3788 Patrem
388 3731 556 3803 judicabis:
573 3736 690 3805 adjecit,
707 3737 765 3794 Non
783 3754 893 3811 possum
915 3756 963 3813 eqo

108 3833 128 3874 a
142 3817 245 3888 meipso
261 3820 354 3889 [acere
366 3820 515 3893 quidquam
526 3841 536 3877 .·
550 3826 621 3881 sicut
635 3825 720 3882 audio
730 3827 876 3898 judicael
890 3829 964 3899 iudi-

109 3904 185 3961 cium
207 3921 297 3962 meum
323 3910 426 3976 iustum
445 3915 503 3980 est;
528 3916 663 3984 quianon
687 3931 780 3987 quatro
795 3918 963 3976 voluntatem

110 3994 268 4055 assamssd
281 3996 449 4054 uoluntatem
462 4000 520 4071 ejas
535 4004 584 4073 qui
605 4003 684 4060 misit
697 4021 750 4062 ms.
771 4006 851 4063 Certe
875 4008 967 4065 Filius

111 4096 186 4154 qnos
199 4081 263 4139 vult
276 4083 412 4141 viviticat.
423 4086 485 4144 Non
501 4091 794 4161 queritvolnntatem
810 4097 969 4164 suam,sed

112 4172 293 4231 voluntatem
302 4175 367 4246 elne
378 4176 428 4248 qui
439 4178 520 4234 misit
532 4179 627 4239 illum.
639 4182 702 4240 lton
714 4200 818 4252 meam,
835 4203 892 4242 non
905 4204 968 4260 pro·

112 4262 227 4335 priam;
244 4278 301 4320 non
318 4279 425 4335 meam,
441 4282 500 4325 noa
524 4268 577 4324 tilii
602 4270 751 4340 bomiais;
778 4290 835 4330 aon
861 4291 966 4344 meam,

113 4368 179 4427 qnae
192 4352 310 4410 resistat
326 4352 395 4413 Deo.
412 4356 534 4415 Faciunt
548 4360 625 4417 enim
642 4361 776 4421 bomines
789 4364 967 4422 voluntatem

114 4458 210 4516 suam,
233 4459 292 4503 non
317 4445 378 4518 bei,
403 4448 520 4519 quando
542 4450 652 4508 iaciunt
676 4454 751 4524 quod
774 4454 887 4524 volunt,
911 4471 969 4512 non

113 4535 190 4608 qnod
202 4534 288 4607 iubet
301 4540 376 4594 neus
392 4552 399 4594 :
414 4539 528 4611 qnando
544 4548 643 4599 autem
659 4544 821 4601 italaoinnt
832 4545 909 4618 quod
920 4562 969 4603 vo·

115 4622 192 4694 lunt,
208 4632 239 4681 ut
261 4633 357 4684 tamen
381 4634 543 4701 sequantur
561 4632 742 4691 voluntatem
761 4635 822 4703 Dei,
846 4653 903 4692 non
927 4636 969 4691 la·

115 4714 198 4769 alant
210 4714 388 4774 voluntatem
400 4734 496 4791 suam,
508 4723 642 4793 quamvis
652 4725 731 4796 quod
742 4726 841 4782 volunt
851 4727 968 4783 iaciant.

116 4799 221 4857 talene
237 4805 281 4858 lac
296 4806 373 4875 quad
387 4807 500 4876 juberis
515 4817 621 4882 3atqus
631 4812 670 4868 ita
680 4819 709 4869 et
724 4813 779 4871 hoc
790 4815 876 4872 iacies
891 4817 968 4889 quod

115 4894 170 4962 vis,
185 4899 214 4949 et
228 4909 286 4949 non
299 4892 476 4953 voluntatem
491 4906 570 4955 tuam
589 4903 687 4971 lucios,
703 4905 754 4959 sed
766 4905 909 4975 jubentis.

149 4982 195 5039 20.
212 4983 284 5049 Quid
301 4984 394 5057 ergo‘t
408 4985 485 5043 Sicut
500 4990 595 5059 audio,
606 4991 644 5048 ita
655 4993 757 5061 iudico.
772 4994 968 5062 duditi'ilius,

115 5079 144 5129 st
165 5073 345 5131 demonstrat
368 5075 394 5131 ei
416 5078 512 5148 Pater,
529 5085 557 5134 et
580 5082 659 5137 videt
682 5082 771 5140 Filius
792 5084 906 5140 Patrem
931 5086 970 5141 la-

117 5163 251 5220 ctentem.
267 5164 301 5221 nr
316 5166 370 5222 ieta
385 5166 595 5225 distuleramus
620 5172 706 5241 paulo
721 5176 902 5232 enucleatius
917 5193 969 5249 pro

117 5253 230 5311 viribus
236 5264 421 5325 pertractare,
437 5258 971 5336 sitempusnobispernatalactionoet

117 5338 194 5396 vires
209 5349 430 5405 remansissent.
446 5352 475 5404 Si
491 5351 586 5407 dicam
604 5368 651 5408 me
671 5370 755 5425 posse
771 5355 846 5426 loqui
864 5357 970 5425 adbuc,

120 5428 191 5484 torte
204 5445 252 5485 vos
266 5435 365 5492 audire
376 5437 437 5507 jam
450 5456 508 5496 noa
525 5443 733 5513 potestie.1tenr
747 5444 820 5501 leste
837 5445 973 5502 aviditate

120 5516 258 5574 audiendi
280 5520 387 5594 dicitis,
411 5528 581 5589 Possumus.
599 5533 703 5592 Melius
718 5544 762 5592 est
790 5552 858 5609 ergo
875 5544 906 5593 ut
919 5552 973 5609 ego

120 5605 320 5668 taurmttatam
344 5629 439 5674 meam
463 5620 567 5695 fatear,
582 5626 725 5699 quiajam
740 5626 879 5700 fatigatus
893 5626 974 5701 loqui

119 5714 178 5760 nea
193 5713 328 5774 possum,
342 5716 430 5776 qaam
442 5710 473 5764 at
487 5710 567 5770 rebla
577 5715 636 5784 jara
651 5716 726 5774 bene
739 5718 971 5788 satisdandum

571 362 611 429 IN
631 363 791 429 ioannis
814 362 1084 437 evincentes,
1107 364 1140 427 S.
1163 354 1374 426 andnsvntt

1777 352 1859 419 lese

998 502 1153 561 inlundam
1173 503 1250 575 quod
1275 517 1332 557 non
1357 499 1430 557 bena
1451 496 1601 571 digeratis.
1623 492 1749 551 Proinde
1770 492 1861 565 buius

1001 592 1206 664 promissionis
1220 605 1309 662 qaam
1325 589 1361 645 ad
1377 587 1553 644 hodiernum
1568 589 1698 655 tempus,
1708 582 1734 640 si
1758 598 1861 655 super·

1002 689 1089 753 esset,
1114 681 1297 748 distuleram,
1319 684 1415 738 mnata
1439 692 1485 735 me
1509 676 1665 749 amarante
1690 674 1814 732 Domino
1830 674 1861 731 in

1002 773 1163 831 crastinum
1180 771 1351 828 debitorem.

1285 857 1501 916 abacistae
1516 855 1572 914 llll.

1003 956 1121 1011 Rursum
1136 954 1165 1007 in
1182 950 1263 1018 illud,
1279 952 1383 1018 Amen,
1399 960 1485 1005 amen
1501 945 1567 1001 dico
1582 943 1675 1012 vobis,
1693 959 1751 1000 non
1768 946 1864 1016 potest

1039 1031 1863 1111 Filiusaeetacerequidquam,nisiquodvideritPatrem

1039 1132 1192 1190 facientem
1210 1147 1216 1185 :
1234 1142 1428 1201 quacumque
1451 1125 1529 1181 enim
1550 1124 1634 1180 Pater
1650 1119 1799 1189 lacit,bsc
1813 1137 1863 1178 aa·

1039 1223 1105 1279 dem
1125 1224 1156 1277 et
1170 1218 1261 1277 Filius
1272 1219 1339 1274 lacit
1352 1216 1495 1273 similiter.
1513 1212 1580 1285 Cap.
1597 1229 1624 1279 r,
1640 1213 1668 1283 i.
1685 1211 1728 1266 ta.

1041 1316 1066 1369 l.
1082 1310 1177 1369 Verba
1192 1307 1308 1367 Domini
1325 1307 1418 1364 nostri
1434 1305 1504 1362 Jesu
1519 1302 1638 1371 Christi,
1656 1300 1781 1358 maxime
1798 1318 1864 1374 qua

1004 1404 1133 1461 loannes
1149 1402 1357 1458 commemorat
1368 1395 1554 1469 evengelista,
1565 1393 1615 1466 qui
1629 1408 1687 1450 aon
1702 1389 1867 1449 sinacaasa

1006 1509 1095 1566 super
1116 1494 1218 1564 pectus
1245 1487 1359 1545 Domini
1385 1483 1590 1543 discumbebat
1611 1484 1702 1551 (toan.
1728 1497 1791 1548 xnr,
1807 1480 1864 1552 23),

1006 1583 1062 1640 nisi
1074 1587 1105 1639 at
1115 1585 1226 1638 secreta
1238 1578 1349 1635 altioris
1359 1574 1511 1648 sapientie
1519 1574 1584 1645 ejus
1594 1572 1734 1633 ebiberet.
1746 1570 1864 1644 siquod

1005 1672 1126 1730 amando
1149 1670 1272 1733 biberat,
1287 1665 1514 1740 evangelizando
1537 1667 1674 1732 ructaret,
1691 1660 1732 1718 ita
1754 1664 1866 1719 sacrata

1006 1764 1076 1820 sunt
1089 1764 1118 1819 et
1130 1756 1273 1833 protunda
1282 1754 1481 1829 intelligentie
1497 1757 1518 1824 ¹,
1531 1757 1564 1810 ut
1578 1750 1804 1809 omneaturbent
1813 1748 1866 1822 qul

1008 1854 1223 1927 perversosunt
1233 1850 1330 1915 corde,
1341 1852 1476 1903 etomnee
1487 1847 1640 1903 exerceant
1649 1842 1700 1916 qui
1711 1842 1868 1900 raotosnnt

1008 1944 1105 2000 corde.
1120 1940 1246 1997 Proinde
1261 1937 1476 1995 animadvertat
1494 1933 1628 1991 Charitas
1642 1933 1739 1989 vestra
1749 1931 1785 1989 ad
1806 1928 1867 1988 beo

1008 2049 1101 2107 pauca
1116 2047 1179 2105 qaas
1194 2030 1268 2086 lecta
1282 2035 1362 2085 anni.
1378 2025 1536 2083 Videamus
1550 2023 1575 2081 ai
1590 2038 1648 2096 quo
1664 2021 1750 2079 modo
1760 2037 1869 2094 posen·

1010 2141 1076 2182 mus
1092 2124 1220 2179 donante
1233 2123 1262 2175 et
1276 2119 1433 2191 adjuvante
1452 2116 1516 2188 ipso
1539 2114 1589 2187 qui
1607 2113 1694 2170 rerba
1714 2128 1767 2169 sna
1780 2109 1868 2168 nobis

1008 2214 1101 2272 soluit
1124 2210 1250 2271 recitari.
1274 2224 1338 2282 qua
1366 2211 1436 2263 tuno
1465 2204 1564 2261 audita
1589 2210 1676 2275 atque
1700 2200 1868 2271 conscripta

1010 2309 1090 2372 sunt,
1107 2308 1140 2360 nt
1165 2301 1250 2358 modo
1276 2299 1449 2372 legerentur,
1465 2293 1535 2367 qaid
1551 2293 1606 2350 sibi
1622 2291 1692 2349 velit
1704 2291 1781 2363 qnod
1795 2304 1865 2346 aum

1010 2395 1134 2453 audistis
1151 2393 1235 2449 modo
1251 2390 1355 2456 dicere,
1371 2390 1562 2454 Amemamsa
1581 2383 1641 2441 dico
1652 2382 1736 2451 cotta
1750 2397 1806 2438 aaa
1817 2396 1868 2453 po·

1010 2490 1061 2543 test
1076 2483 1163 2540 ditius
1179 2500 1196 2537 u
1213 2496 1240 2537 se
1259 2483 1350 2551 susam
1369 2475 1532 2550 quidquam,
1549 2474 1608 2531 aiei
1621 2471 1693 2546 quod
1706 2470 1807 2529 uiderit
1817 2470 1869 2526 Pa·

1010 2584 1081 2634 trem
1095 2576 1241 2647 [ocientem
1257 2588 1265 2624 :
1280 2582 1456 2641 quacumque
1470 2567 1545 2623 enim
1559 2565 1642 2621 Pater
1654 2563 1733 2630 iacit,
1749 2560 1807 2618 taso
1822 2576 1869 2617 su·

1011 2666 1073 2723 &m
1088 2669 1113 2722 et
1128 2662 1214 2719 Filius
1225 2659 1295 2733 tacit
1311 2658 1451 2715 similiter.

1046 2756 1074 2813 2.
1090 2754 1170 2811 Unde
1184 2758 1282 2808 autem
1293 2758 1377 2806 natus
1386 2748 1426 2804 sit
1436 2761 1531 2803 sermo
1540 2745 1605 2812 late,
1618 2740 1871 2802 commemorandi

1013 2843 1083 2903 estis
1094 2847 1212 2917 propter
1223 2839 1375 2912 superiora
1385 2834 1529 2906 lectionis,
1539 2833 1587 2891 abi
1596 2835 1750 2891 curaverat
1769 2829 1872 2887 Domi·

1013 2951 1070 2992 nus
1084 2933 1242 3006 quemdam
1258 2931 1334 2986 inter
1353 2927 1419 2983 illos
1434 2926 1484 2998 qui
1508 2926 1537 2981 in
1555 2923 1686 2997 quinque
1710 2919 1872 2995 porticibus

1015 3026 1132 3099 piscina
1148 3024 1228 3079 illius
1243 3018 1407 3079 Salomonis
1425 3016 1574 3090 jacebant,
1590 3015 1638 3073 oni
1663 3014 1786 3081 dixerat,
1798 3009 1873 3068 totle

1012 3116 1159 3189 prolatum
1175 3118 1264 3183 tuam,
1280 3116 1308 3166 et
1329 3107 1396 3165 uude
1411 3109 1440 3164 t'n
1455 3107 1566 3164 domum
1587 3109 1675 3162 tuam.
1691 3103 1751 3161 Hoc
1773 3104 1873 3158 auten

1014 3207 1122 3263 iecerat
1145 3202 1275 3261 sabbatis
1290 3199 1387 3256 :unde
1413 3195 1572 3270 perturbati
1592 3193 1686 3252 turiei
1710 3190 1873 3250 calumnia·

1016 3296 1134 3362 bantur,
1159 3292 1241 3365 quasi
1264 3305 1429 3349 aversorem
1451 3293 1482 3344 et
1502 3283 1751 3359 prevaricatorem
1776 3278 1873 3353 begis·

1014 3383 1096 3439 Tune
1110 3382 1153 3438 eis
1167 3382 1287 3451 dixerat,
1303 3379 1385 3435 Pater
1402 3392 1480 3434 mma
1500 3370 1678 3448 usquemodo
1698 3374 1877 3443 operatur,et

1015 3489 1064 3544 spo
1088 3487 1185 3544 operor
1209 3471 1259 3542 (ld.
1284 3486 1312 3538 v,
1327 3472 1355 3536 8,
1372 3468 1427 3539 17).
1449 3466 1495 3524 llll
1514 3463 1593 3521 enim
1616 3459 1773 3519 carnaliter
1796 3457 1877 3515 acci·

1016 3565 1128 3638 pientes
1143 3561 1256 3618 sabbati
1276 3558 1521 3623 observationem,
1538 3551 1682 3625 putabant
1702 3548 1793 3607 Deum
1808 3550 1878 3620 post

1016 3654 1146 3711 laborem
1163 3650 1293 3707 lubricati
1310 3648 1413 3705 mandi
1434 3659 1527 3718 usque
1542 3644 1578 3700 ad
1595 3641 1674 3699 buno
1693 3640 1771 3698 diem
1787 3636 1876 3710 qnasi

1018 3743 1163 3811 dormire;
1184 3745 1212 3797 et
1237 3743 1388 3813 propterea
1413 3734 1612 3793 sanctificasse
1636 3730 1720 3787 illam
1736 3728 1825 3796 diem,
1840 3741 1877 3783 sa

1018 3851 1076 3907 quo
1090 3832 1175 3906 caepit
1193 3830 1273 3888 velut
1290 3847 1306 3888 a
1321 3827 1469 3887 laboribus
1496 3823 1686 3899 requiescere.
1703 3820 1753 3877 ttst
1775 3822 1877 3876 autem

1019 3930 1234 3982 sacramentum
1250 3919 1366 3978 sabbati
1382 3913 1510 3989 antiquis
1531 3912 1664 3987 patribus
1678 3908 1786 3968 nostris
1801 3924 1879 3984 pras-

1021 4017 1137 4086 csptum
1161 4011 1260 4085 (deod
1278 4027 1323 4079 ax,
1339 4009 1428 4080 e-tt),
1446 4004 1523 4079 quod
1539 4021 1593 4060 nos
1606 3999 1766 4059 Christiani
1785 3998 1880 4072 apiri-

1020 4102 1138 4161 tnaliter
1153 4102 1352 4170 observamus,
1366 4102 1399 4154 ut
1427 4096 1463 4153 ab
1474 4093 1555 4151 omni
1569 4089 1667 4149 servili
1682 4104 1780 4162 opera,
1790 4087 1821 4145 id
1831 4092 1880 4146 sat

1022 4194 1058 4251 ab
1073 4190 1153 4249 omni
1164 4195 1282 4264 peccato
1296 4189 1375 4263 (quia
1386 4186 1529 4243 Dominus
1539 4183 1620 4251 dicit,
1635 4180 1791 4252 Omnisqai
1806 4178 1880 4249 sosit

1020 4285 1173 4357 peccatum,
1189 4297 1281 4337 seruus
1296 4284 1337 4335 est
1349 4280 1453 4352 pcccati
1467 4276 1560 4347 (toan.
1575 4288 1637 4341 vna,
1652 4270 1707 4342 tt),
1723 4267 1881 4326 abstinea-

1024 4389 1090 4430 mus
1106 4371 1373 4441 nos,ethabeamue
1384 4364 1547 4440 quietemin
1560 4362 1646 4419 corde
1663 4357 1813 4431 nostro,id
1832 4364 1880 4418 sat

1022 4462 1265 4536 tranquillitatem
1277 4450 1653 4534 spiritualemiltqnamvis
1663 4449 1694 4507 in
1703 4448 1760 4507 hoc
1769 4448 1880 4508 woulo

1023 4552 1053 4609 id
1069 4567 1219 4619 conemur,
1236 4551 1272 4606 ad
1287 4566 1350 4607 sam
1368 4556 1464 4604 tamen
1489 4542 1619 4617 requiem
1645 4538 1803 4615 perlectam
1820 4553 1883 4596 non

1024 4641 1238 4717 perveniemus,
1256 4640 1313 4697 nisi
1329 4655 1397 4696 oum
1417 4638 1453 4692 de
1467 4635 1522 4691 bao
1546 4633 1605 4689 vita
1627 4629 1795 4688 exierimus.
1822 4627 1881 4686 Sed

1024 4733 1089 4789 ideo
1100 4731 1209 4786 dictum
1219 4735 1262 4785 est
1272 4729 1360 4784 lleurn
1375 4718 1704 4797 requievisse,quiajam
1717 4721 1882 4775 creaturam

1025 4820 1134 4876 nnllam
1160 4819 1306 4876 condebat
1334 4824 1490 4892 postquam
1520 4812 1647 4884 perlecta
1670 4809 1740 4864 aunt
1767 4804 1882 4863 omnia.

1024 4911 1155 4979 Quietem
1171 4926 1239 4967 vero
1254 4914 1407 4982 propterea
1420 4903 1577 4979 appellarit
1598 4899 1758 4972 Scriptura,
1774 4900 1807 4954 nt
1829 4910 1886 4954 nee

1024 5001 1194 5058 admoneret
1217 5004 1281 5072 post
1304 5000 1381 5056 bona
1404 5012 1492 5069 opera
1511 4990 1706 5066 requieturos.
1734 4985 1781 5043 Sic
1801 4985 1884 5043 enim

1025 5091 1166 5163 scriptum
1191 5089 1332 5146 babemus
1357 5089 1387 5145 in
1411 5084 1527 5155 Genesi,
1544 5082 1575 5138 bt
1593 5079 1659 5151 [ecit
1681 5078 1752 5134 beas
1786 5074 1888 5133 amaia

1026 5178 1094 5236 bono
1109 5179 1198 5244 ualde,
1214 5184 1240 5236 st
1264 5179 1397 5252 requiscit
1421 5177 1491 5233 Deus
1513 5172 1558 5230 dis
1575 5171 1691 5243 septima
1704 5164 1783 5240 (deu.
1800 5181 1821 5236 ι,
1836 5164 1887 5234 st,

1025 5277 1053 5326 at
1067 5285 1097 5338 ιι,
1113 5269 1141 5341 2)
1158 5286 1165 5325 :
1182 5274 1214 5325 ut
1229 5274 1260 5325 tu
1279 5269 1363 5325 bomo
1378 5282 1446 5324 cum
1460 5261 1587 5321 attendis
1604 5260 1701 5331 ipsum
1716 5254 1809 5313 Deum
1822 5260 1890 5328 post

1027 5357 1103 5415 bons
1126 5373 1213 5431 opera
1238 5356 1425 5429 requievisse,
1445 5368 1503 5410 non
1535 5349 1587 5406 tibi
1617 5360 1716 5420 speres
1739 5341 1887 5417 requiem,

1028 5447 1086 5503 nist
1110 5463 1176 5505 cunr
1200 5448 1276 5505 bons
1293 5448 1383 5503 tueris
1407 5447 1547 5519 operatus
1563 5457 1570 5497 :
1586 5442 1615 5496 et
1634 5431 1889 5510 quemadmodum

1028 5541 1104 5594 Deus
1120 5544 1311 5611 posteaquam
1327 5538 1393 5595 lecit
1407 5535 1557 5593 bominem
1580 5531 1616 5587 ad
1632 5524 1791 5599 imaginem
1806 5529 1836 5581 et
1846 5523 1889 5583 sl·

1030 5625 1225 5685 militudinem
1241 5644 1327 5686 suam
1338 5630 1418 5686 sexto
1431 5624 1487 5697 dis,
1502 5627 1533 5681 et
1545 5621 1575 5678 in
1590 5618 1642 5677 ilio
1652 5611 1772 5691 perlecti
1784 5611 1891 5672 omnia

1063 5724 1219 5791 ¹Er.l.ugd.
1230 5720 1594 5792 atvan.lagunt,proftsadae
1600 5710 1794 5780 intelligentta.
1817 5710 1855 5765 Ι.
