3952 6150
119 184 186 245 228i

117 312 203 369 sitata
219 310 317 383 posito
332 307 476 366 auxilium
486 306 657 377 ieras,sclet
668 307 947 390 qualebenelleium

117 388 299 441 consecutus
318 388 371 438 est.
384 381 424 435 De
440 380 629 436 tribulatione
644 395 724 436 enim
741 386 860 452 ereptus
880 381 947 452 plus

118 454 231 528 gratias
245 453 308 524 agit
321 469 328 519 ;
339 451 494 525 quomodo
506 452 529 507 si
539 452 686 508 esurienti·
695 449 804 506 offeras
817 466 945 522 panem:

118 528 143 582 si
160 531 260 582 nutem
282 523 392 579 offeras
412 538 473 578 nori
491 524 643 587 esurienti,
659 538 727 594 qua
747 523 801 578 erit
822 522 946 593 gratia?

118 598 233 653 ldcirco
245 601 323 651 recte
336 595 512 657 factumest,
527 602 560 649 ut
569 609 629 650 non
644 602 712 649 aute
723 597 836 650 veniret
849 595 947 649 llomi·

118 684 188 725 nus.
214 669 346 723 Primum
366 665 445 721 enim
467 667 580 721 dimisit
600 680 696 732 genus
713 664 882 721 humanum
905 666 946 722 uti

119 740 273 797 voluntate
291 753 356 802 sua,
377 752 438 793 non
458 737 523 792 sine
541 737 710 793 testimonio
732 736 778 791 sui
796 753 802 791 :
818 736 891 808 quia
909 751 946 791 ex

117 813 185 885 ipsa
206 809 320 866 fabrica
341 807 445 863 mundi
463 822 516 879 per
530 823 632 864 annua
646 822 783 872 munera,
800 822 869 880 quae
888 806 947 863 ele·

118 887 290 939 mentorum
315 878 481 935 ministerio
504 878 645 934 humanis
678 878 783 934 usibus
814 879 946 934 exhiberi

118 954 260 1016 decrerit,
289 951 425 1021 cognosci
458 954 487 1006 ει
514 951 609 1005 ιιιιιειι
642 949 827 1005 divinitatem
859 966 945 1005 suain

118 1026 222 1082 voluit.
244 1023 349 1078 Postea
369 1036 438 1076 vero
457 1038 527 1077 eum
549 1020 747 1077 obsolesceret
768 1020 873 1076 notitia
895 1020 946 1076 Dei

118 1096 267 1158 interris,
298 1099 326 1149 ει
350 1107 448 1149 ιιιοιεε
471 1091 711 1156 immutarentur,
733 1091 876 1162 diguatus
902 1097 946 1147 est

119 1169 241 1224 visitare
256 1180 351 1236 genus
366 1163 535 1227 hominum,
550 1169 581 1219 ut
594 1163 663 1219 data
682 1163 767 1232 Lege,
785 1163 830 1217 vel
851 1164 944 1219 reior-

120 1245 203 1296 mata
222 1237 392 1308 (eratenim
408 1237 436 1290 in
453 1241 570 1301 natura,
586 1234 637 1290 sed
658 1235 765 1306 negligi
789 1236 944 1305 coeperat),

121 1317 150 1367 et
165 1310 303 1366 notitiam
319 1309 365 1362 sui
380 1312 408 1362 et
420 1306 504 1375 Legis
519 1306 725 1362 auctoritatem
740 1312 919 1361 restauraret
938 1321 945 1369 ;

123 1377 943 1452 utreccgnitolleo,etrevocatachetimereincipeicnt:

120 1455 191 1510 certi
204 1453 276 1523 quia
288 1452 339 1522 qui
354 1450 461 1519 Legem
475 1449 566 1514 dedit,
575 1450 765 1519 judicaturus
775 1457 853 1503 esset
862 1452 946 1503 actus

120 1524 284 1581 humanos.
301 1524 335 1577 Et
352 1523 425 1593 quia
442 1526 565 1592 accepta
586 1522 659 1589 Lege
676 1535 694 1575 a
709 1520 837 1591 peccatis
853 1535 883 1574 se
898 1534 947 1575 co·

120 1596 225 1653 hibere
246 1593 455 1665 nequiverunt,
474 1607 543 1647 cuin
565 1596 697 1662 possent,
715 1590 768 1645 diu
788 1590 877 1645 etiam
894 1606 947 1662 per

123 1665 289 1737 Prophetas
313 1664 488 1719 admoniti:
516 1670 614 1719 motus
640 1662 717 1717 Deus
742 1663 947 1717 misericordia

122 1739 202 1794 misit
225 1736 330 1791 Filium
356 1750 456 1797 suum,
472 1736 523 1805 qui
545 1750 576 1788 se
600 1749 655 1805 pro
678 1733 735 1788 illis
757 1731 894 1800 offerens,
920 1740 948 1787 ει

120 1804 946 1876 mortemdestruens,dataillisremissionepeccatorum,

123 1884 183 1937 lleo
209 1880 301 1935 Patris
321 1877 388 1932 illos
407 1877 584 1948 justificatos
605 1874 748 1931 offerret:
772 1880 803 1930 ut
822 1876 948 1930 scientes

121 1952 160 2007 de
179 1965 241 2032 quo
260 1948 391 2020 periculo
408 1953 477 2002 sunt
495 1947 597 2020 erepti,
617 1947 680 2001 sine
701 1947 868 2002 cessatione
889 1949 947 2001 lleo

122 2027 237 2093 gratias
257 2027 369 2101 agant;
384 2024 416 2074 ut
429 2019 520 2074 otiam
541 2019 562 2072 si
585 2034 656 2072 usus
675 2019 805 2085 exegerit
828 2017 948 2087 sangui-

123 2109 195 2150 nem
210 2106 264 2164 pro
282 2090 330 2147 illo
350 2091 519 2158 fundentes,
535 2104 589 2145 nec
603 2091 646 2144 sic
664 2105 695 2144 se
719 2087 759 2144 illi
773 2090 868 2144 vicem
883 2087 948 2143 red·

122 2165 194 2221 dere
226 2162 409 2218 rohteantur.
422 2162 518 2227 Quam
533 2166 652 2231 gratum
665 2174 736 2229 orgo
747 2165 775 2214 et
785 2161 947 2231 pretiosum

123 2179 301 2293 beneficium
322 2233 505 2298 existimant,
520 2233 602 2304 quod
617 2247 672 2287 nec
691 2236 785 2286 morte
805 2246 948 2303 couipen-

123 2307 183 2364 sari
227 2305 340 2361 utantl
356 2305 411 2361 Sed
432 2304 505 2360 lorta
524 2308 626 2358 contra
645 2302 762 2358 dicatur
779 2321 786 2358 :
808 2303 837 2358 Si
862 2301 947 2357 multi

123 2385 194 2436 ante
206 2323 327 2447 Regem,
342 2382 371 2431 ει
385 2381 453 2447 ροει
466 2374 573 2444 Legem
594 2373 723 2445 peccatis
745 2375 840 2444 pressi
869 2378 947 2429 totos

124 2467 157 2505 se
172 2448 255 2505 carni
271 2448 417 2503 dederunt
431 2462 438 2511 ;
451 2447 515 2502 sine
528 2446 622 2501 dubio
639 2446 758 2501 luerunt
771 2444 874 2516 aliqui,
894 2450 949 2517 qut

124 2520 251 2578 creatori
270 2523 328 2575 lieo
341 2518 439 2574 devoti
458 2517 567 2573 avitiis
595 2533 627 2572 se
652 2516 853 2572 inlrmnarent.
875 2519 947 2585 Age,

125 2589 276 2662 numquid
289 2590 318 2645 hi
334 2589 473 2660 expuncti
490 2590 581 2643 avita
598 2602 658 2643 non
672 2589 702 2643 in
715 2587 865 2642 internum
883 2586 949 2641 des·

127 2658 948 2731 cenderuntiSiautemante,p0stmortemadsachristus

123 2735 257 2790 venisset
273 2748 280 2798 ;
296 2732 422 2788 liberato
437 2732 544 2796 Adam,
558 2732 610 2803 qui
629 2735 752 2803 peccato
768 2730 887 2811 proprio
907 2735 947 2784 te·

123 2806 264 2868 uebatur,
281 2821 300 2860 a
314 2809 417 2870 morte,
442 2804 557 2859 caeteris
576 2802 614 2857 ad
635 2801 745 2857 coelum
770 2807 825 2856 iter
849 2800 951 2856 iecerit

124 2874 329 2943 credentibus,
342 2881 372 2929 ut
381 2874 452 2946 quia
465 2874 513 2929 bic
525 2873 601 2928 bene
614 2873 757 2937 vixerant,
772 2873 847 2941 grati
866 2876 951 2927 ilrea-

123 2948 182 3006 teri
192 2953 221 3004 et
231 2945 422 3003 restauratori
435 2944 566 3000 defuncti
577 2944 777 3015 reciperentur
786 2943 816 2998 in
828 2943 948 2998 coelum.

125 3022 274 3076 Damnum
291 3032 363 3087 ergo
375 3023 430 3084 εει,
447 3017 518 3089 quia
537 3031 598 3071 non
615 3021 684 3071 ante
705 3015 785 3069 venit
806 3013 949 3070 Christus.

125 3091 277 3147 Damnum
310 3103 376 3143 esse
411 3088 601 3144 manifestum
623 3090 676 3142 εει.
699 3085 756 3140 Sed
780 3100 881 3156 quiere
912 3100 951 3140 an

122 3162 243 3235 justum
257 3175 297 3216 an
312 3159 456 3231 injustum
471 3159 519 3213 sit.
535 3159 635 3214 Solent
649 3157 730 3213 enim
745 3157 859 3212 damna
868 3155 953 3227 justa

125 3249 205 3289 esse.
227 3230 380 3304 Numquid
396 3231 443 3286 tur
461 3229 669 3301 reprehensus,
686 3244 755 3284 cuin
778 3228 808 3282 in
822 3227 953 3298 quadru-

122 3303 211 3379 plum
228 3305 315 3376 juxta
329 3302 426 3371 legein
445 3301 615 3366 damnatur,
630 3315 691 3356 non
707 3298 853 3355 damnum
874 3298 953 3369 pati-

124 3384 175 3433 tur
187 3376 201 3432 ι
214 3375 271 3432 Sed
287 3375 399 3442 iustum
414 3376 468 3435 est,
482 3389 518 3428 ac
537 3388 590 3443 per
602 3372 659 3427 hoc
672 3371 786 3441 justum
799 3374 881 3440 quod
897 3369 953 3425 ho-

125 3446 246 3504 minum
261 3461 356 3516 genus
371 3460 493 3515 passum
512 3451 565 3509 est,
582 3447 662 3513 juste
678 3442 824 3515 provenit,
846 3441 913 3496 ideo
926 3445 954 3496 et

125 3517 310 3592 permissum
326 3521 379 3571 est.
398 3516 494 3581 Quare
509 3521 537 3570 ει
556 3513 693 3570 Salvator
712 3515 787 3569 inter
806 3514 870 3584 ipsa
891 3513 953 3583 pri·

126 3589 248 3646 mordia
261 3587 360 3644 venire
370 3601 431 3641 non
444 3585 556 3641 debuit.
573 3588 646 3641 Cum
659 3584 739 3640 enim
755 3583 894 3639 diabolus
907 3599 955 3638 su·

126 3661 270 3735 perbiret,
284 3665 313 3714 et
325 3657 418 3713 homo
429 3673 447 3713 a
460 3656 739 3729 lleolactuspcsitus
751 3661 794 3710 est
805 3655 845 3710 illi
858 3654 954 3710 inimi-

127 3725 952 3800 cus,utan1iliislleimunitus,quiaimpareratviribns,

125 3802 325 3860 resisteretilli
338 3812 459 3872 accepto
470 3800 614 3855 mandato
627 3799 714 3853 unius
725 3798 775 3852 Dei
791 3798 953 3866 imaginem

130 3875 162 3930 in
176 3875 260 3930 terris
273 3873 310 3928 ad
324 3887 454 3927 errorem
465 3871 669 3931 auferendum.
683 3869 773 3940 perid
784 3868 867 3940 quod
878 3883 955 3923 imus

126 3945 168 4002 ab
183 3960 243 4000 nno
258 3944 364 4009 lactus,
380 3958 492 4016 exque
514 3943 620 4009 crateri,
642 3941 868 3996 demonstraret.
888 3939 956 3994 [lia-

127 4014 217 4073 bolus
229 4021 329 4071 autem
341 4014 426 4070 solita
437 4014 597 4069 subtilitate
608 4012 760 4067 simulavit
773 4026 804 4066 se
817 4012 955 4080 ignorare

127 4087 205 4160 quid
231 4091 412 4169 praeceptum
430 4085 536 4141 inisset
560 4101 577 4139 a
598 4084 668 4148 Deo,
684 4091 712 4137 et
734 4084 844 4138 invenit
863 4084 956 4137 Evam

128 4158 312 4223 instabilem,
333 4164 403 4229 post
426 4163 526 4212 autem
545 4155 723 4228 promittens
741 4154 810 4216 illis,
832 4151 955 4234 quodsi

126 4224 955 4298 interdictumdegustassent,iuturiessentdii;cireum·

126 4296 736 4360 veniteos.Sicdiabolusdevictchomine
751 4294 954 4366 triumphavit,

126 4372 180 4429 hic
195 4372 289 4428 vietus
304 4386 398 4441 genus
414 4386 503 4425 suurn
517 4369 650 4424 vendidit
662 4373 795 4441 peccato.
811 4369 874 4422 Nou
885 4380 956 4435 ergo

123 4443 242 4517 justum
254 4449 318 4499 erat
328 4442 431 4497 victori
443 4441 542 4496 statim
556 4440 672 4495 anferre
684 4439 829 4495 violenter
840 4437 936 4509 spolia
948 4453 954 4490 z

125 4514 202 4588 quia
224 4513 304 4585 quod
324 4513 394 4568 facit
417 4513 506 4577 Deus,
523 4515 604 4582 juste
626 4511 703 4566 lacit.
728 4513 868 4565 Praeterea
887 4524 957 4564 cuin

126 4587 236 4643 acerbe
254 4586 423 4666 peccaverit
441 4585 534 4640 homo
544 4600 553 4650 ,·
565 4582 731 4638 assentiens
753 4581 834 4637 enim
848 4579 909 4636 llari
926 4595 957 4635 εε

127 4658 237 4725 Deum,
252 4655 451 4712 idololatriam
465 4655 597 4720 admisit,
612 4655 670 4709 hoc
683 4653 767 4708 estin
783 4652 875 4707 Deum
891 4666 958 4723 pec·

129 4729 211 4786 cavit
227 4743 235 4780 :
252 4726 381 4799 ideoque
405 4741 466 4781 non
487 4726 527 4781 illi
547 4727 643 4782 statim
666 4724 769 4780 debuit
791 4722 956 4785 subveniri,

129 4801 183 4871 qni
196 4814 252 4854 nec
265 4797 413 4870 poenituit.
424 4798 493 4854 Post
505 4802 604 4852 autem
617 4796 704 4867 justis
717 4794 778 4850 mul
793 4793 902 4849 lamala
917 4795 959 4848 in·

129 4871 198 4930 tulii
206 4875 329 4926 satanas
341 4868 690 4941 :lob.losepb,leremire,
698 4869 791 4932 isaim,
799 4865 957 4929 Zacharia,

130 4948 161 5000 at
180 4942 295 4997 caeteris
317 4939 480 5009 Prophetis,
497 4944 524 4994 et
537 4940 634 5010 justis.
651 4938 763 4993 ldcireo
776 4934 959 4991 commissus

128 5018 176 5070 est
184 5012 318 5068 Christus
333 5027 351 5067 a
364 5011 424 5067 Deo
434 5012 515 5067 Patre
529 5027 585 5065 suo
597 5010 647 5081 qui
660 5007 959 5072 illumrinceret,etse

128 5082 346 5150 manifestaret,
368 5098 493 5153 regnum
518 5081 581 5154 ejus
595 5082 732 5137 auferens
753 5079 878 5143 ratione,
899 5091 959 5132 non

128 5160 276 5239 potestate
296 5172 303 5221 ;
330 5169 505 5227 quanquam
530 5154 633 5209 omnia
656 5152 750 5224 possit
775 5149 880 5204 Deus:
908 5148 960 5202 sed

129 5226 206 5284 illud
219 5224 289 5282 iacit
301 5226 383 5296 quod
396 5224 534 5294 congruit
544 5224 662 5291 rationi,
675 5227 708 5278 ut
718 5218 958 5293 irreprehensibi-

131 5296 168 5355 lis
182 5301 362 5368 perseveret.

168 5367 310 5425 LXXXlV.
327 5368 470 5433 -Quare
485 5367 563 5423 lunae
579 5380 701 5421 cursum
716 5364 746 5418 in
762 5362 876 5418 ratione
891 5363 962 5416 Pas·

132 5439 199 5497 chre
223 5438 434 5504 custodientes,
453 5439 588 5507 Paganos
610 5431 868 5508 reprehendimus,
890 5432 962 5504 quia

133 5511 199 5568 dies
211 5510 333 5565 lunares
347 5514 376 5565 ει
388 5515 503 5565 motum
518 5504 709 5563 custodient?

171 5579 258 5637 Absit
279 5596 297 5636 a
312 5579 488 5637 Christianis
502 5582 536 5635 ut
549 5578 646 5635 sidera
664 5576 798 5633 venerari
813 5574 961 5642 dicantur,

135 5652 250 5727 quibus
265 5650 383 5709 indulta
395 5657 441 5708 est
456 5650 601 5723 spirituali
616 5648 742 5715 cultura,
757 5650 788 5703 ut
800 5646 963 5719 despicien-

134 5728 181 5782 tes
195 5738 262 5796 qua
276 5723 425 5795 videntur,
447 5722 483 5778 iis
497 5738 566 5795 qua
584 5718 746 5779 invisibilia
757 5723 786 5778 et
799 5732 890 5791 super
903 5732 964 5775 coe·

284 5812 401 5870 Parnoi..
419 5809 530 5870 XXXV.

876 173 1071 247 arribuit.

1753 186 1826 256 test

1000 312 1090 395 lestia¹
1099 318 1178 381 sunt,
1185 313 1363 387 copulentur
1371 328 1378 383 ;
1387 317 1415 372 et
1424 315 1489 372 hae
1501 319 1605 374 omnia
1615 322 1826 380 transcendant

1001 383 1093 440 luturi
1108 401 1176 441 eum
1192 386 1311 456 angelis
1331 387 1393 443 Dei.
1411 390 1484 443 Nam
1501 393 1528 443 et
1543 390 1676 446 siderum
1699 394 1828 451 cultores

1001 461 1054 512 aut
1064 473 1133 512 cum
1146 456 1217 530 ipsis
1228 465 1324 521 erunt,
1338 464 1390 513 aut
1400 459 1476 515 inira
1486 460 1561 529 ipsa.
1577 461 1734 526 Quomodo
1745 467 1826 521 enim

1000 525 1063 582 fleri
1084 534 1191 599 potest,
1212 534 1242 584 ut
1263 528 1372 601 aliquis
1390 545 1480 600 super
1494 530 1558 587 haec
1579 532 1614 587 sit
1631 548 1700 605 quaa
1723 535 1792 591 colit
1815 538 1829 593 ι

1002 599 1111 668 Pagani
1121 602 1222 672 itaque
1233 615 1293 655 non
1306 607 1482 671 computum
1495 601 1745 661 lunmobservant
1757 606 1825 668 ;sed

1000 669 1105 752 lunam
1126 670 1225 742 ipsam
1245 671 1327 727 velut
1340 672 1428 728 deam
1450 680 1639 730 venerantur.
1657 677 1689 731 Et
1704 675 1828 733 effectus

1000 739 1217 797 curriculorum
1238 743 1305 814 ejus
1324 742 1557 814 apprehendisse
1582 760 1614 800 se
1636 748 1828 815 arbitrantes,

999 812 1073 884 quid
1088 812 1287 894 certisdiehus
1295 815 1462 884 agendum,
1473 815 1584 887 quidve
1595 818 1763 874 cavendum
1781 819 1828 886 sit,

999 888 1174 946 decernunt.
1191 887 1317 954 imperio
1335 886 1401 957 eius
1441 887 1505 941 nasi
1522 886 1611 943 vitam
1629 892 1658 943 ει
1673 904 1830 947 conversa·

1000 956 1111 1036 tionem
1128 971 1214 1011 suam
1228 955 1336 1036 ordine
1351 901 1486 1029 quogam
1502 958 1697 1029 subjicientes
1717 976 1828 1033 iquos,

999 1041 1071 1098 qnia
1088 1032 1172 1082 extra
1185 1028 1234 1080 Dei
1250 1026 1473 1084 ordinationem
1488 1028 1552 1084 haee
1577 1028 1644 1085 ausi
1660 1038 1730 1086 sunt
1748 1047 1831 1088 usur·

999 1112 1082 1222 paro,
1098 1097 1160 1179 falti
1175 1097 1352 1179 'frequenter
1369 1099 1634 1170 deprehendimus.
1652 1102 1726 1159 Haec
1748 1105 1830 1159 enim

1014 1184 1161 1224 uminaria
1174 1184 1203 1224 in
1219 1185 1306 1240 signe
1317 1177 1488 1242 temporum
1501 1171 1579 1227 Deus
1592 1172 1756 1230 constituit.
1771 1176 1831 1230 Un-

999 1238 1037 1294 de
1057 1244 1085 1294 et
1099 1254 1154 1296 nos
1169 1255 1330 1295 numerum
1356 1241 1434 1296 luna
1448 1242 1648 1307 custodimus,
1664 1259 1726 1299 non
1748 1244 1829 1300 illam

1000 1310 1097 1382 ipsam
1120 1309 1306 1376 excolimus,
1325 1315 1356 1366 ut
1373 1327 1391 1368 a
1407 1317 1512 1382 quarta
1530 1313 1649 1369 decima
1664 1314 1746 1384 luna,
1761 1331 1830 1388 qum

998 1383 1086 1437 nobis
1099 1383 1266 1437 seeundum
1276 1382 1384 1450 Legem
1396 1384 1704 1452 primaest,rationem
1713 1388 1830 1443 Pascha

999 1452 1206 1509 observemus.
1233 1454 1341 1509 Omnia
1364 1455 1444 1510 enim
1468 1454 1556 1525 plena
1581 1457 1657 1511 lleus
1675 1457 1828 1513 instituit:

999 1522 1125 1595 ideoque
1141 1531 1275 1599 aquaria
1288 1524 1406 1580 decima
1422 1541 1514 1597 usque
1527 1526 1567 1582 ad
1580 1528 1608 1581 vi
1631 1528 1756 1583 esimam
1770 1529 1832 1600 pri·

1001 1611 1093 1661 main,
1114 1597 1161 1652 bis
1182 1600 1295 1666 septem
1316 1595 1422 1652 diebus
1438 1597 1550 1653 Pascha
1573 1542 1661 1653 neiis
1680 1598 1831 1655 celebrare

1000 1682 1177 1722 concessum
1207 1672 1260 1734 εει,
1286 1671 1317 1720 ιιι
1337 1667 1375 1722 ιιε
1403 1666 1450 1722 his
1474 1673 1587 1738 septem
1612 1669 1703 1743 aliqui
1728 1671 1832 1727 diesa

1000 1753 1160 1810 parasceve
1181 1753 1274 1809 usque
1295 1738 1334 1792 ad
1358 1740 1605 1794 resurrectionem
1628 1740 1743 1796 bomini
1762 1756 1832 1796 con-

1001 1808 1027 1864 cl
1038 1809 1160 1865 idantur
1173 1823 1180 1861 :
1195 1814 1227 1863 nt
1239 1823 1336 1890 neque
1349 1811 1431 1864 tertia
1447 1809 1564 1866 decima
1580 1810 1609 1864 in
1629 1811 1771 1883 passione
1782 1812 1830 1875 sit,

1000 1895 1098 1951 neque
1115 1880 1354 1951 quartadecima
1369 1881 1398 1935 in
1416 1881 1641 1947 resurrectione,
1662 1888 1712 1938 ant
1726 1883 1832 1955 quinta

1001 1951 1118 2007 decima
1133 1967 1139 2017 ;
1156 1966 1193 2006 no
1208 1957 1278 2006 ante
1297 1952 1426 2022 primam
1447 1954 1610 2007 secundum
1634 1969 1689 2009 nos
1715 1952 1830 2021 lunam,

1001 2022 1102 2095 passio
1113 2022 1215 2077 Christi
1229 2023 1274 2088 sit,
1286 2038 1381 2092 neque
1394 2025 1568 2078 resurrectio
1579 2023 1643 2094 ejus
1655 2039 1716 2080 non
1732 2025 1831 2097 primo

1000 2094 1048 2149 dis
1063 2109 1125 2165 quo
1146 2099 1262 2164 coeptus
1284 2094 1415 2149 mundus
1428 2099 1481 2149 est.
1505 2095 1612 2151 Omnia
1628 2096 1707 2151 enim
1726 2094 1831 2153 mundi

1001 2169 1137 2238 tempora
1147 2166 1235 2219 unius
1245 2164 1606 2221 hebdomadteciirriculis
1617 2172 1810 2224 numerantur
1823 2183 1830 2234 ;

1000 2238 1073 2309 quia
1088 2236 1133 2291 liis
1147 2235 1225 2291 Deus
1240 2236 1345 2290 mundi
1357 2236 1494 2292 membra
1509 2242 1537 2292 et
1557 2242 1735 2294 ornamenta
1751 2254 1832 2294 com-

1000 2309 1109 2380 posuit.
1126 2306 1182 2362 Sex
1198 2308 1278 2362 enim
1292 2306 1399 2363 diebus
1411 2308 1561 2363 muudum
1583 2309 1751 2380 aptaritet
1766 2325 1796 2364 se
1820 2340 1832 2351 ·

1002 2378 1075 2434 tima
1100 2377 1239 2445 cessavit,
1287 2394 1358 2434 uam
1387 2379 1551 2434 sabbatum
1581 2379 1751 2461 appellavit.
1805 2381 1831 2435 is

1001 2449 1081 2506 enim
1098 2456 1213 2520 septem
1228 2448 1275 2504 die
1301 2466 1334 2503 us
1349 2451 1439 2505 totius
1456 2448 1559 2506 mundi
1574 2457 1651 2506 ratio
1674 2454 1704 2506 et
1721 2465 1831 2507 nume·

1001 2536 1052 2576 rus
1064 2521 1241 2576 continetur.
1260 2524 1382 2591 semper
1397 2520 1476 2575 enim
1491 2521 1520 2575 in
1533 2535 1564 2574 se
1577 2522 1735 2577 redeuntes
1754 2520 1829 2579 mul·

1002 2592 1131 2664 tiplieant
1140 2606 1298 2647 nnmerum
1308 2596 1488 2662 temporum.
1497 2592 1563 2647 Post
1572 2592 1735 2648 sabbatum
1749 2593 1830 2649 enim

1002 2664 1130 2735 aprime
1144 2662 1192 2717 die
1209 2664 1315 2733 repetit
1336 2678 1455 2735 semper
1471 2665 1620 2733 usquead
1640 2663 1718 2719 diem
1742 2665 1830 2735 septi·

1002 2749 1097 2798 mum,
1113 2733 1141 2788 id
1153 2738 1199 2788 εει
1214 2732 1375 2788 sabbatum
1389 2748 1395 2788 :
1409 2734 1627 2790 utresurrectio
1640 2734 1757 2791 Domini
1791 2734 1830 2792 ri·

1003 2821 1053 2862 mo
1073 2805 1120 2860 die
1140 2803 1269 2884 inchoati
1295 2805 1399 2860 mundi
1420 2804 1497 2861 iacta
1519 2803 1653 2861 discatur
1670 2823 1677 2873 ;
1694 2807 1747 2878 qui
1766 2750 1830 2861 sies

1002 2877 1172 2932 dominicus
1200 2875 1317 2930 dicitur.
1349 2876 1451 2947 lpsum
1485 2875 1566 2930 enim
1593 2876 1659 2932 iecit
1687 2877 1831 2932 Dominus

1003 2963 1099 3002 unum
1114 2962 1183 3027 eum
1198 2960 1330 3027 vespere,
1346 2953 1373 3001 et
1395 2946 1424 3002 in
1445 2946 1646 3029 septenarium
1669 2963 1830 3003 numerum

1004 3018 1141 3074 evolutus
1159 3033 1216 3071 inei
1242 3023 1263 3071 ιι
1280 3017 1397 3082 iterum,
1415 3022 1446 3071 ut
1466 3034 1490 3072 si
1534 3021 1581 3073 εει
1602 3018 1831 3075 hebdomadam

1005 3089 1131 3160 primus.
1154 3033 1295 3168 Quognita
1313 3086 1467 3143 decretum
1491 3032 1533 3142 εξ
1548 3089 1630 3144 ιιιιιιο
1645 3096 1691 3145 εει
1709 3096 1832 3162 ριοριει

1005 3164 1228 3216 sacramentum
1245 3159 1459 3215 incarnationis
1481 3158 1607 3228 Domini,
1625 3164 1654 3215 ει
1667 3160 1831 3231 passionis,

1006 3237 1033 3287 et
1056 3230 1288 3285 resurrectionis.
1310 3231 1342 3285 ln
1364 3244 1489 3301 corpore
1508 3228 1588 3285 enim
1614 3230 1730 3286 Domini
1753 3236 1832 3286 totus

1006 3317 1100 3428 prope
1116 3301 1246 3357 mundus
1261 3302 1426 3365 resurrexit,
1438 3305 1467 3354 at
1480 3300 1661 3355 instauratus
1673 3308 1726 3356 εει.
1738 3300 1832 3357 Abso-

1019 3379 1103 3428 utum
1118 3377 1171 3436 est,
1185 3387 1246 3427 non
1259 3388 1315 3427 nos
1335 3370 1438 3429 lunam
1454 3369 1550 3426 colere
1567 3387 1574 3437 ;
1591 3371 1644 3426 sed
1659 3387 1831 3438 numerum,

1031 3447 1060 3499 ui
1083 3459 1136 3514 pei·
1163 3444 1242 3500 lunis
1265 3458 1388 3498 cursum
1419 3442 1570 3498 institutus
1593 3447 1647 3512 est,
1672 3443 1831 3499 custodire.

1007 3460 1151 3573 gisbotus
1166 3520 1278 3579 autem,
1293 3515 1344 3586 qui
1362 3517 1405 3569 est
1425 3520 1556 3578 satanas,
1573 3518 1604 3569 ιιι
1626 3513 1749 3569 fallaciae
1769 3528 1832 3569 suar

1009 3585 1216 3643 auctoritatem
1235 3585 1368 3656 aliquam
1383 3584 1475 3656 possit
1488 3584 1640 3651 ndhihere,
1657 3589 1686 3640 et
1706 3584 1832 3640 menda·

1008 3659 1055 3714 cia
1066 3673 1121 3712 sua
1134 3657 1338 3712 commentitia
1350 3657 1471 3711 veritate
1485 3654 1626 3722 colorare,
1638 3657 1736 3728 primo
1750 3671 1832 3711 men-

1010 3745 1043 3785 se
1072 3743 1134 3800 quo
1160 3733 1349 3782 sacramenta
1376 3726 1527 3782 dominica
1558 3728 1612 3782 scit
1641 3726 1832 3791 celebranda,

1008 3800 1153 3872 quianon
1170 3797 1328 3854 mediocris
1344 3799 1481 3869 potentiae
1498 3802 1551 3864 est,
1567 3798 1693 3868 Paganis
1706 3814 1773 3870 quae
1785 3798 1835 3854 oh

1010 3875 1161 3926 servarent
1171 3869 1297 3924 instituit
1310 3871 1463 3940 mysteria,
1476 3876 1506 3924 ιιι
1517 3869 1634 3924 animas
1648 3885 1751 3924 eorum
1763 3868 1834 3926 dua·

1009 3941 1067 3998 biis
1088 3957 1123 3997 ex
1137 3939 1238 3996 causis
1252 3941 1280 3995 in
1297 3956 1395 3996 errore
1414 3940 1558 3996 detineret
1574 3959 1580 3996 :
1599 3942 1711 4012 utquia
1746 3955 1836 3996 rare-

1009 4014 1053 4069 nit
1079 4012 1230 4068 veritatem
1259 4010 1384 4076 fallacia,
1411 4010 1516 4068 melius
1540 4011 1686 4094 quiddam
1719 3956 1836 4067 fallacia

1009 4085 1168 4148 videretur,
1186 4085 1273 4155 quasi
1294 4083 1469 4156 antiquitate
1489 4084 1689 4155 praeiudicans
1710 4083 1834 4138 veritati.
1881 4092 1893 4110 ⁰

1010 4156 1043 4210 ιιι
1063 4155 1134 4227 qiiia
1149 4157 1177 4210 in
1194 4155 1290 4226 primo
1305 4170 1420 4219 mense,
1435 4154 1463 4209 in
1480 4169 1539 4225 quo
1552 4153 1766 4225 equinoctiiim
1782 4153 1837 4207 ha-

1011 4226 1082 4282 bent
1102 4227 1238 4292 Romani,
1265 4226 1341 4282 sicut
1358 4232 1386 4281 ει
1406 4241 1462 4280 nos
1482 4226 1532 4297 (a),
1554 4240 1589 4279 ea
1611 4225 1677 4296 ipsa
1698 4223 1837 4278 observa·

1012 4300 1050 4354 tio
1066 4297 1105 4352 ab
1119 4297 1166 4352 his
1181 4298 1343 4352 aristoditur
1360 4312 1366 4361 ;
1381 4298 1420 4351 ita
1435 4302 1466 4351 ιιι
1484 4298 1573 4350 etiam
1588 4310 1639 4364 per
1658 4295 1835 4364 sauguinem

1011 4369 1113 4424 dicant
1124 4367 1325 4438 astrictionem
1341 4367 1414 4430 lieri,
1429 4367 1506 4420 sicut
1516 4371 1544 4419 et
1559 4382 1614 4419 nos
1632 4380 1683 4435 per
1697 4380 1815 4420 crucem
1830 4380 1836 4418 :

1010 4440 1068 4495 hac
1084 4440 1214 4495 versutia
1236 4442 1371 4505 Paganos
1385 4437 1498 4492 detinet
1513 4438 1541 4490 in
1558 4451 1667 4501 errore,
1684 4440 1716 4491 ut
1734 4439 1839 4506 putent

1010 4511 1165 4566 veritatem
1178 4515 1312 4564 nostiam
1325 4508 1523 4563 imitationem
1536 4507 1634 4579 potius
1643 4505 1734 4561 videri
1744 4520 1837 4579 quam

1011 4582 1174 4643 veritatem,
1199 4581 1285 4650 quasi
1309 4594 1361 4650 per
1382 4578 1605 4635 emulationem
1627 4577 1839 4649 superstitione

1011 4654 1145 4725 quadam
1167 4652 1329 4705 inventam.
1355 4652 1413 4706 Nec
1432 4650 1510 4705 enim
1531 4665 1634 4705 serum
1664 4654 1772 4720 potest,
1797 4649 1840 4703 in·

1012 4719 1840 4794 qiiiiint,isstimariquodposteaestinventnm.Sedquia

1012 4796 1092 4877 apud
1105 4808 1160 4848 nos
1174 4808 1228 4863 pro
1242 4799 1319 4848 certo
1334 4792 1442 4848 veritas
1455 4797 1507 4856 εει,
1521 4798 1550 4847 ει
1560 4791 1599 4849 ab
1608 4793 1691 4848 initio
1703 4792 1769 4848 hec
1783 4796 1838 4855 est,

1013 4871 1155 4920 virtutum
1169 4870 1259 4937 atque
1277 4864 1483 4936 prodigiorum
1499 4863 1586 4932 signa
1597 4863 1754 4934 perhibent
1764 4862 1840 4918 testi·

1013 4936 1160 5000 monium,
1175 4942 1216 5000 ιιι,
1233 4941 1304 4991 ιεειε
1318 4936 1433 4999 virtute,
1445 4933 1554 4991 diaboli
1572 4935 1747 5006 improbitas
1757 4934 1840 4988 inno·

1013 5012 1116 5063 tescat.
1128 5006 1273 5075 Quoniam
1285 5005 1366 5062 enim
1385 5006 1449 5062 sola
1464 5011 1509 5061 est
1523 5022 1591 5078 quie
1602 5006 1686 5061 lacile
1702 5003 1839 5067 suadeat,

1012 5079 1077 5136 haec
1091 5082 1194 5133 contra
1209 5080 1367 5133 versutiam
1382 5084 1410 5133 ει
1422 5085 1607 5149 praeventum
1618 5075 1727 5132 diaboli
1744 5072 1841 5143 posita

1013 5156 1067 5216 εει,
1077 5147 1337 5205 ιιιειιιιιιιιιιιοιιειιι
1349 5148 1416 5219 ejus
1427 5147 1546 5204 revelet.
1558 5150 1650 5203 Nemo
1661 5146 1739 5201 enim
1750 5143 1840 5200 etiam

1013 5218 1203 5275 inimicorum
1226 5234 1335 5288 negare
1361 5220 1472 5275 audeat
1496 5218 1554 5274 illic
1583 5233 1646 5273 esse
1673 5216 1841 5279 veritatem,

1015 5291 1067 5347 nbi
1082 5291 1174 5345 virtus
1187 5294 1321 5361 apparet.

1051 5361 1176 5417 LXXXV.
1200 5391 1234 5402 -
1257 5360 1332 5425 Quid
1354 5365 1398 5415 ost
1422 5364 1543 5414 uicum
1568 5362 1682 5413 constet
1705 5371 1723 5412 a
1749 5354 1841 5411 David

1016 5447 1113 5504 usque
1136 5429 1175 5487 ad
1201 5429 1496 5501 transmigrationem
1517 5427 1677 5551 Babplcnis
1694 5426 1843 5486 decernet

1016 5507 1130 5575 septem
1143 5518 1210 5557 esso
1224 5503 1432 5573 generationes
1445 5516 1452 5567 ;
1464 5514 1579 5572 evange
1594 5500 1648 5554 ista
1662 5498 1843 5570 quatuorde-

1046 5601 1081 5663 (c)
1098 5599 1227 5664 Loquitur
1242 5598 1353 5665 perinde
1364 5611 1396 5649 ac
1406 5597 1445 5647 sic
1456 5596 1519 5648 alibi
1534 5609 1614 5662 quam
1625 5595 1716 5647 llomm
1728 5595 1841 5647 scribat:

1016 5675 1072 5715 non
1089 5675 1153 5727 ergo
1176 5661 1249 5712 idem
1265 5663 1321 5728 ipse
1345 5663 1387 5746 set
1405 5662 1501 5714 auctor
1517 5659 1673 5725 questionis
1695 5670 1748 5712 cxv
1771 5658 1844 5725 apud

1019 5726 1134 5778 ltoinam
1149 5725 1262 5793 scriptae.

1420 5802 1718 5883 (successimus
