3952 6150
128 152 202 218 233⁷

126 282 176 339 vel
189 281 360 354 impetrare,
381 283 491 355 adjecit
504 302 511 342 :
526 284 659 351 Quoniam
676 283 850 355 iniguitatem
867 299 952 340 means

126 370 175 426 ego
188 370 321 436 cognosco,
337 362 362 410 et
376 355 502 413 delr'ctum
514 374 600 413 meum
612 372 703 412 coram
717 372 756 410 ue
768 357 777 392 ¹
790 363 828 410 est
837 371 950 426 semper.

127 427 279 492 eromam
294 428 420 498 graviter
435 430 489 484 scit
502 444 533 484 se
552 444 688 500 peccase,
704 427 847 483 sollicitus
861 436 905 482 est
918 442 955 483 ne

127 512 189 553 non
206 503 300 552 totum
314 498 339 552 ei
351 498 525 556 remittatur.
538 501 738 556 considerans
747 501 827 554 enim
840 500 955 570 magni·

128 567 263 624 tudinem
277 577 469 640 peccatorum
483 586 618 640 suorum,
634 572 724 637 timet,
741 572 839 625 sciens
850 570 955 641 gravia

127 645 252 710 peccata
267 655 327 695 nou
339 641 424 697 iacile
435 643 549 713 ignosci
561 659 568 707 ;
581 659 616 699 ac
627 657 678 714 per
689 642 746 697 hoc
756 657 825 696 curn
835 639 955 696 fletibus

126 710 296 777 confitetur,
313 717 468 783 peccalum
484 730 572 769 sunm
586 722 654 769 aute
667 712 768 768 oculos
784 712 906 777 habens,
924 715 955 767 ul

126 798 163 837 ex
185 782 267 838 omni
287 791 368 854 parte
385 786 545 856 propitium
565 784 621 840 sibi
638 784 726 840 iaciat
737 784 880 854 judicem.
897 784 955 839 Scit

126 852 207 909 enim
228 854 372 925 scriptum
392 870 480 911 essa:
502 857 549 911 llic
563 858 642 927 prior
663 856 822 927 iniquitates
836 861 906 919 luas,
923 860 954 909 ut

120 924 288 997 justificeris
313 926 392 991 (lsai.
415 943 492 992 ιιιιι,
518 929 575 997 eb).
599 929 632 982 Et
653 928 786 998 sequitur
803 942 808 978 :
827 925 888 981 Tibi
904 925 953 980 soli

123 996 242 1068 perduoi,
257 1003 282 1051 et
297 996 400 1052 urcium
420 1014 513 1053 coram
527 1004 552 1053 te
563 998 627 1070 seri.
643 1000 726 1054 Nunc
740 1012 776 1052 ex
796 996 855 1053 alia
870 1002 953 1068 parte

125 1068 223 1139 culpae
234 1084 296 1123 sure
310 1068 458 1124 medelam
490 1070 624 1141 rospicit,
638 1075 668 1123 nt
680 1069 719 1125 ad
732 1067 869 1124 effectum
885 1084 953 1138 pos·

126 1140 304 1195 iulationem
317 1139 456 1196 deducat.
470 1086 530 1195 blac
543 1141 623 1197 enim
635 1138 882 1212 prosecutionem
897 1139 953 1211 pri-

126 1226 178 1266 ma
199 1226 292 1266 causa
311 1210 528 1267 innocentem·
547 1228 579 1266 se
598 1211 688 1267 dicit:
705 1226 777 1267 nam
797 1211 848 1280 qui
869 1210 952 1266 alteri

126 1284 187 1338 lieo
212 1286 326 1353 peccat,
342 1283 480 1337 inimicus
503 1290 545 1338 est
565 1282 695 1338 auctoris
720 1281 780 1337 Dei.
799 1281 830 1336 ln
853 1280 953 1336 locum

125 1353 207 1409 enim
219 1353 286 1424 ejus
299 1352 423 1409 alterum
440 1353 530 1423 eligit,
543 1356 590 1409 cui
605 1353 813 1410 auctoritatem
825 1352 888 1425 ejus
901 1353 952 1408 ad·

125 1426 249 1480 scribat.
267 1423 348 1479 Unde
363 1424 411 1479 hic
426 1426 535 1480 abbae
550 1442 581 1480 se
597 1425 749 1498 iniquitate
763 1422 894 1478 alienum
908 1440 953 1478 os-

127 1496 264 1563 tendens,
282 1494 354 1561 Tibi,
377 1497 427 1560 alt,
452 1495 504 1551 soli
521 1501 637 1568 peccaui,
653 1500 677 1551 ei
696 1496 800 1551 maium
818 1510 908 1550 aarum
927 1502 952 1550 te

126 1567 180 1634 sesi
192 1567 266 1622 :boa
290 1572 345 1632 est,
365 1568 436 1638 quia
455 1567 516 1630 tibi,
536 1576 564 1622 et
581 1568 652 1624 nulli
673 1568 720 1622 alil
744 1583 834 1638 quem
857 1565 951 1621 Deum

126 1653 181 1709 per
196 1653 326 1693 errorem
342 1638 481 1703 dicerem,
506 1640 637 1710 peccavi,
654 1639 753 1694 minor
773 1653 839 1694 mea
863 1637 952 1707 culpa

127 1717 171 1764 est
183 1725 276 1780 quam
291 1715 477 1773 catenarum,
491 1712 541 1782 qui
558 1717 627 1765 sunl
641 1708 801 1782 perditioni
817 1708 950 1765 obnoxii.

126 1783 191 1837 Non
204 1781 285 1836 enim
300 1779 413 1852 impius
428 1797 496 1837 sum
511 1800 518 1849 ;
532 1781 585 1836 sed
599 1785 748 1853 peccator,
764 1780 908 1852 quianon
922 1781 951 1835 in

125 1857 165 1918 te,
182 1851 277 1906 sedin
293 1851 388 1919 legem
403 1860 485 1908 tuam
500 1853 621 1924 peccavi
633 1869 639 1908 :
653 1868 707 1908 nec
723 1858 749 1907 te
764 1852 882 1922 negari,
899 1851 951 1906 sed

125 1926 154 1979 le
169 1926 261 1978 lloum
275 1928 303 1978 el
317 1924 478 1979 Dominum
491 1924 647 1988 confitens,
667 1925 695 1978 in
716 1923 869 1979 hominem
885 1938 951 1994 pec·

124 1996 202 2049 cavi.
217 1995 292 2063 Ergo
306 1996 377 2066 quia
393 1994 485 2051 inilia
501 2011 569 2069 quae
586 2003 635 2051 tua
650 1994 771 2066 propria
789 2009 880 2050 cansa
896 1998 950 2058 est,

124 2080 194 2120 reus
209 2080 269 2119 non
283 2081 363 2129 sum,
377 2064 498 2135 ignosce
511 2067 593 2138 quod
608 2068 636 2121 in
653 2081 830 2122 conservum
845 2080 951 2137 pecca·

124 2137 164 2192 vi.
187 2137 233 2192 Sic
247 2135 327 2192 enim
344 2138 478 2208 peccavi,
492 2145 523 2192 nt
545 2137 803 2194 honorificentiam
821 2136 951 2192 nominis

124 2207 168 2263 tui
184 2222 238 2262 nco
253 2223 404 2277 negarem,
417 2224 471 2264 nec
486 2208 569 2264 alteri
582 2211 695 2265 darem.
711 2209 774 2264 Fuit
788 2209 888 2280 itaque
899 2223 951 2262 un·

122 2279 162 2335 de
183 2286 422 2335 commoreretur
441 2280 479 2336 ad
502 2280 737 2336 misericordiam
756 2279 861 2350 judex.
877 2280 950 2334 Cum

123 2350 203 2405 enim
225 2350 309 2406 multi
323 2352 351 2406 in
366 2351 450 2406 illum
467 2357 599 2423 peccent,
615 2368 692 2423 quos
706 2351 795 2406 etiam
815 2349 951 2405 hortatur

123 2420 164 2477 ad
185 2436 215 2476 se
230 2421 371 2483 conuerti.
388 2422 460 2478 dum
478 2424 565 2495 liqui
583 2439 643 2480 non
664 2423 693 2478 in
714 2420 796 2479 illum
813 2425 950 2494 peccant,

123 2508 163 2548 ex
185 2491 249 2547 aliis
266 2499 364 2548 tamen
382 2495 481 2549 causis
504 2495 624 2550 veniam
646 2493 810 2566 postulant,
826 2493 952 2548 libenter

122 2563 263 2621 admittit.
273 2564 395 2635 Semper
405 2566 486 2621 enim
501 2567 642 2621 [lominus
653 2567 690 2620 ad
700 2565 843 2620 auxilium
860 2580 949 2618 suum

121 2635 184 2691 rull
198 2635 358 2707 coningere
374 2652 476 2692 servos
493 2654 573 2693 suos.
591 2637 672 2693 Unde
687 2636 798 2708 adjecit
813 2652 819 2690 :
843 2635 877 2691 Ut
890 2636 949 2706 jus·

121 2707 239 2777 tiyicsrs's
261 2707 290 2761 in
309 2707 474 2763 sermonibus
495 2710 561 2772 tuis,
577 2714 601 2762 et
622 2708 712 2763 niueas
731 2723 788 2762 curn
805 2706 949 2775 iudicaris,

121 2778 352 2834 Misericordiam
381 2779 549 2849 postulans,
576 2782 666 2834 ileum
691 2779 838 2848 justiliam
863 2793 950 2833 suam

121 2863 184 2905 non
208 2848 368 2905 immutare
391 2857 537 2921 precatur.
555 2865 624 2906 cum
651 2849 744 2905 soleat
766 2847 866 2904 media
886 2863 950 2903 esse

118 2919 577 2993 justitia,ntnonpeccantibusel
604 2919 950 2992 cccrrntibusaequasitid

121 2991 569 3063 est,ntnicuiqueretldatsecun
596 2990 948 3062 umoperasuazsednon

119 3062 949 3135 ignoratquidpostuletvirinnocensinlleisacrnmento.

122 3135 226 3190 Sciens
238 3136 317 3189 enim
331 3134 424 3191 Deum
435 3134 605 3207 frequenter
616 3135 644 3189 ln
656 3135 733 3204 Lege
743 3133 865 3198 dixisse,
877 3133 950 3203 quia

122 3204 286 3270 misericors,
296 3206 324 3261 in
351 3207 469 3271 uil,sum
478 3222 525 3278 ego
535 3207 668 3263 Dominus
678 3207 746 3261 lleus
755 3204 948 3274 oesterland.

119 3291 193 3342 xxn,
211 3277 256 3343 et)
273 3294 280 3343 ;
296 3222 365 3334 iube
388 3283 520 3348 rogatui
544 3279 607 3334 haec
622 3278 697 3334 fides
721 3281 851 3346 maneat,
873 3282 902 3331 et
921 3276 950 3331 in

120 3348 313 3404 sermonibus
330 3349 391 3404 suis
404 3350 482 3406 Deus
495 3350 683 3421 justificetur.
698 3349 770 3403 dum
785 3348 815 3402 in
832 3362 868 3403 eo
882 3362 949 3418 per·

121 3425 225 3475 manet
248 3420 329 3491 quod
354 3423 471 3477 loculus
494 3427 548 3487 est,
565 3436 619 3477 nec
641 3418 769 3491 peccatis
791 3418 950 3475 hominum

121 3490 261 3559 vincitur,
274 3497 305 3547 ul
316 3507 376 3548 non
388 3493 570 3547 miserentur.
583 3492 714 3547 Scienies
725 3490 803 3544 enim
819 3491 870 3562 qui
884 3505 950 3562 peo-

122 3566 204 3629 canl,
219 3577 287 3633 qum
312 3564 447 3634 promisit
461 3564 537 3618 ilaus
553 3565 630 3619 bene
646 3561 823 3627 virentibus,
837 3567 866 3617 et
877 3560 949 3633 quia

122 3632 155 3689 in
177 3648 213 3688 eo
230 3633 405 3704 perdurant,
430 3635 565 3690 'udicant
580 3634 663 3690 illum
681 3633 870 3688 mendacem.
885 3635 949 3688 Non

121 3704 203 3760 enim
227 3705 352 3760 credunt
375 3722 454 3760 mae
471 3706 598 3761 virendo
615 3720 683 3760 vera
705 3719 770 3758 esse
816 3718 860 3758 uae
883 3718 950 3773 pro·

121 3776 217 3831 misit.
232 3774 345 3832 idcirco
369 3778 440 3848 petit
456 3792 505 3832 rex
521 3775 614 3832 David
638 3780 669 3830 nt
683 3719 859 3854 vincalboc
872 3774 949 3827 Dens

121 3845 205 3916 quod
227 3852 335 3916 putant
357 3847 505 3913 homines,
524 3852 553 3902 et
574 3848 623 3902 det
646 3861 715 3919 qure
737 3845 896 3918 promisit:
919 3849 950 3899 nt

119 3916 300 3973 erubescant
309 3918 359 3987 ‹yui
368 3920 442 3974 dum
450 3934 509 3974 non
517 3923 637 3974 servant
649 3919 802 3978 mandata.
812 3915 951 3985 judicant

119 3987 206 4044 illum
221 4003 281 4043 non
297 3988 449 4045 daturum.
466 3992 498 4045 lli
512 3992 664 4060 sequitur:
681 3989 747 4044 Ecce
768 3989 839 4043 euim
852 3987 882 4041 in
896 3986 951 4040 iui-

117 4058 269 4142 geitatibus
280 4068 420 4132 conceptus
433 4077 502 4116 sum.
517 4063 600 4116 Nunc
616 4060 671 4116 hoc
687 4060 806 4131 adjecto
825 4073 948 4115 causam

118 4128 300 4187 infirmitatis
319 4133 444 4188 humani
464 4131 583 4204 generis
600 4140 756 4198 memorat,
772 4129 845 4202 quia
863 4129 949 4185 lacile

118 4207 165 4258 est
177 4202 291 4258 homini
307 4219 442 4274 peccare,
455 4209 486 4259 nt
499 4219 625 4259 examen
636 4202 715 4257 circa
727 4218 758 4257 se
771 4201 882 4272 indicis
894 4199 950 4255 mi·

120 4273 202 4342 liget.
217 4274 319 4330 Primae
335 4275 413 4329 enim
427 4275 521 4345 culpae
534 4274 546 4309 ⁸
560 4272 630 4331 lacit
643 4273 879 4335 mentionemex
889 4287 951 4344 qna

119 4345 352 4471 prevaricando
368 4344 462 4401 Adam
483 4361 578 4417 genus
593 4346 762 4401 humanum
781 4342 948 4400 obnoxium

132 4418 189 4470 ecit
203 4423 336 4486 peccato.
350 4417 446 4473 Snasu
460 4418 539 4472 enim
553 4422 581 4472 et
593 4415 829 4472 laliaciainimici
843 4414 949 4484 iniqni-

119 4492 212 4542 latem
230 4487 438 4558 concipiendo,
454 4504 545 4543 omne
566 4503 669 4542 semen
689 4502 777 4541 strum
800 4485 949 4567 iniquitati

120 4558 257 4627 subjecit,
273 4564 304 4614 ut
318 4575 355 4615 ex
369 4576 403 4615 eo
419 4575 524 4614 omnes
542 4574 594 4630 per
608 4557 761 4615 traducem
774 4556 949 4683 genilrynec-

120 4632 189 4684 cato
204 4637 307 4686 essent
321 4629 455 4686 obnoxii.
473 4634 630 4701 Propterea
646 4630 764 4701 adjecit,
781 4631 813 4685 lit
828 4632 857 4684 in
889 4629 951 4684 elic·

120 4702 158 4754 tis
171 4702 291 4772 rumpit
316 4719 356 4757 ure
370 4709 457 4756 mater
478 4708 606 4759 mearat
626 4701 665 4756 ab
690 4702 785 4756 Adam
806 4700 950 4756 derivatio

120 4770 201 4827 iacta
214 4775 339 4843 peccati,
352 4775 504 4845 cotrceplis
514 4778 542 4828 et
555 4773 631 4829 natis
644 4772 859 4842 impedimento
873 4776 951 4827 esset

120 4841 160 4898 ad
172 4841 285 4898 bonam
298 4845 392 4899 vitam
403 4845 549 4915 agendam
563 4860 616 4906 ;ac
628 4859 681 4916 per
692 4844 750 4899 boc
761 4842 877 4914 suppioi
889 4858 949 4898 non

120 4914 294 4981 negandam
316 4915 565 4981 misericordiam,
588 4919 659 4987 quta
678 4914 817 4969 intestam
835 4914 951 4969 lhabet

120 4984 250 5050 hostem,
259 4986 309 5058 qui
322 4986 347 5041 ei
358 4988 464 5043 suadet
477 4992 506 5041 ul
518 4993 629 5057 peccet.
639 4987 690 5041 Per
699 4989 855 5068 peccatum
868 4984 948 5040 enim

119 5055 261 5112 diabolus
282 5056 417 5127 subjecto
433 5058 489 5113 sibi
506 5058 603 5129 primo
623 5058 746 5114 homine
773 5060 948 5126 potestatem

120 5143 191 5183 acce
217 5128 237 5182 it
262 5130 345 5183 carni
368 5130 434 5199 eius
460 5146 490 5185 se
517 5129 695 5196 immiscere,
721 5133 749 5183 el
772 5127 949 5183 ‹leliolorum

118 5213 183 5271 qua
208 5215 257 5254 arn
275 5199 435 5256 subtilitate
455 5200 676 5257 oblectamenta
699 5214 869 5271 suggerere,
898 5212 950 5268 per

120 5270 204 5342 quod
223 5276 345 5342 captum
370 5271 523 5328 bominem
544 5271 651 5344 spoliat
670 5271 741 5326 vila.
769 5271 865 5335 Quam
886 5284 950 5325 rem

153 5395 160 5423 ¹
177 5392 243 5448 Mes.
265 5393 397 5453 colbert„
409 5400 499 5445 contra
522 5409 573 5448 me.

152 5456 162 5485 ¹
174 5455 253 5513 Editi,
265 5462 394 5507 nocentem
408 5473 414 5517 ;
428 5462 454 5508 at
468 5457 546 5515 inira,
563 5457 665 5507 alteria
677 5456 736 5506 lieo.
749 5453 875 5519 Sequitur
887 5452 950 5505 ldss.

152 5517 233 5569 'lisa
252 5519 384 5577 Colbert„
401 5534 493 5570 causa.

154 5580 232 5632 llis.
252 5582 377 5639 colbert,
396 5583 530 5633 insertum.
550 5582 582 5632 Et
602 5595 664 5631 mox
678 5580 751 5631 idem
766 5583 842 5629 retus
856 5576 950 5635 codex,

119 5648 250 5717 paratum
260 5646 329 5695 enim
337 5647 382 5711 gui
394 5650 429 5696 est
440 5646 601 5697 diabolus...
616 5648 766 5708 potestatem
775 5641 951 5709 uesspilearai

121 5718 177 5771 gre
191 5707 313 5770 ιιιιιτηι,
325 5715 349 5762 st
359 5709 520 5769 dilectorum,
535 5711 585 5759 otc.

891 150 1087 218 APPENDIX.

1766 162 1947 229 mta‘

1008 284 1151 355 magister
1165 283 1298 353 gentium
1313 298 1496 353 memorans,
1515 286 1598 347 Video
1611 299 1713 360 autem,
1727 293 1836 366 inquit,

1008 354 1352 427 aliamlegsuiumembris
1366 358 1439 424 meis,
1454 369 1653 432 repugnantem
1666 366 1719 436 legi
1736 368 1837 423 nubtis

1007 444 1072 483 mee
1086 427 1174 498 (Rom.
1189 443 1237 492 ru,
1252 427 1309 499 2³),
1325 433 1356 484 ut
1368 429 1425 485 hoc
1440 438 1586 488 contuens
1597 434 1704 504 judex,
1724 436 1837 494 dolenti

1008 500 1210 555 circumvento
1236 500 1367 569 porrigat
1386 517 1521 558 manum.
1544 506 1577 560 Et
1596 506 1730 578 sequitur
1745 523 1754 562 ι
1771 509 1837 564 ane

1007 572 1078 626 euim
1090 570 1231 625 veritatem
1240 569 1378 626 dilexisti.
1391 572 1467 637 Quia
1478 590 1549 643 ergo
1562 578 1714 633 veritatem
1727 578 1835 650 diligis,

1007 643 1113 714 inquit,
1128 643 1254 696 subveni
1267 644 1393 711 roganti,
1406 651 1433 698 et
1445 660 1536 715 quom
1554 648 1610 701 scis
1621 662 1692 703 vera
1707 650 1836 720 pectoris

1007 714 1051 768 sui
1067 713 1282 783 impedimenta
1294 729 1453 785 exponere,
1466 732 1533 788 tque
1543 733 1633 774 cureo
1646 718 1718 775 olim
1737 726 1836 777 motus

1008 783 1214 840 misericordia
1236 783 1396 840 subvenire
1413 786 1578 855 decrevisti,
1596 795 1628 844 ut
1639 805 1769 846 errorem
1785 792 1837 848 ad·

1008 857 1135 911 missum
1154 857 1184 911 in
1202 861 1288 923 tarra,
1303 855 1430 912 caelestis
1447 858 1634 930 providentia
1651 862 1834 920 emendaret.

1007 928 1128 998 Propter
1143 925 1223 998 quod
1242 927 1368 998 subjecit
1384 928 1513 984 :lacerto
1531 936 1555 985 el
1566 931 1670 987 occultu
1681 933 1836 989 cordisma·

1006 998 1131 1069 uilestati
1151 998 1231 1053 nu'lu'.
1249 998 1363 1054 incerta
1376 1005 1404 1055 et
1416 1001 1533 1058 occulta
1546 1003 1645 1058 cordis
1660 1003 1724 1060 luec
1743 1004 1836 1076 signi·

1005 1069 1085 1134 licat,
1111 1086 1176 1141 que
1210 1070 1285 1123 neus
1310 1068 1349 1125 ad
1375 1073 1548 1141 presidium
1565 1072 1690 1129 humani
1719 1075 1836 1144 generis

1007 1143 1188 1212 procuravit,
1210 1141 1284 1195 sicut
1297 1147 1324 1195 et
1337 1143 1508 1210 Apostolus,
1521 1144 1596 1209 Quod
1609 1145 1710 1208 mulus,
1728 1147 1834 1218 inquit,

1006 1228 1061 1267 nou
1076 1210 1152 1275 uidit,
1170 1227 1216 1266 neo
1230 1212 1309 1266 auris
1327 1211 1444 1277 audivit,
1468 1230 1514 1269 nea
1535 1217 1565 1271 iu
1585 1233 1630 1271 cor
1656 1218 1771 1272 bominis
1791 1235 1835 1273 us-

1005 1283 1104 1346 cendil,
1123 1299 1182 1353 quae
1202 1283 1373 1352 preparavit
1390 1285 1463 1340 Deus
1482 1285 1656 1357 diligentibus
1677 1305 1706 1344 se
1725 1289 1748 1355 (l
1769 1288 1833 1344 Cor.

1007 1358 1082 1419 ruit.
1097 1353 1152 1419 Oui
1166 1362 1234 1409 suut
1244 1354 1293 1425 qui
1307 1353 1435 1423 diligunt
1447 1356 1549 1421 ileum,
1565 1358 1620 1413 uisi
1639 1362 1688 1430 qui
1703 1360 1759 1430 legi
1771 1360 1836 1431 ejus

1006 1427 1206 1492 consentiunt,
1219 1440 1279 1479 non
1294 1424 1419 1481 celando
1434 1427 1479 1481 vel
1494 1431 1670 1485 excusando
1685 1431 1835 1509 paccata?

1007 1497 1073 1552 llaec
1086 1495 1387 1566 ergooccultacordis
1397 1498 1554 1553 manifesta
1566 1500 1835 1570 suntdilrgentibus

1008 1568 1112 1632 Deum,
1127 1575 1156 1622 ul
1171 1568 1244 1639 quia
1258 1567 1400 1623 dolebant
1421 1584 1453 1624 se
1481 1569 1597 1625 delictis
1613 1573 1833 1638 circumveniri,

1005 1638 1833 1713 necorreptinegarent¹‚sibieloriginisumimpulantes,

1005 1711 1035 1765 in
1049 1716 1201 1765 auctorem
1217 1709 1309 1764 ileum
1325 1710 1537 1767 transferentes
1550 1728 1618 1782 quas
1643 1714 1809 1784 peccabant
1826 1731 1833 1771 :

1005 1782 1097 1838 corda
1108 1797 1210 1836 eorum
1225 1780 1393 1836 illuminata
1405 1788 1474 1836 sunt
1489 1783 1637 1851 spirituali
1653 1800 1788 1849 corusco,
1804 1792 1836 1842 ut

1004 1853 1137 1908 viderent
1148 1852 1195 1908 llei
1207 1852 1422 1922 providentiam
1431 1853 1459 1906 in
1469 1853 1596 1923 Christo,
1609 1856 1678 1925 quia
1691 1860 1834 1912 venturus

1004 1930 1067 1979 erat
1079 1923 1117 1978 ad
1128 1923 1336 1978 damnandum
1348 1929 1512 1993 peccatum,
1522 1925 1646 1995 quotlex
1661 1929 1835 1998 praevarica-

1004 1993 1085 2050 tione
1094 1994 1166 2049 Adae
1176 1994 1310 2049 humano
1321 1997 1421 2062 generi
1431 1996 1608 2067 imperabat.
1625 1999 1835 2069 llocergooral

1004 2081 1055 2120 rex
1071 2066 1172 2130 llavid,
1190 2070 1221 2120 ut
1230 2065 1312 2137 quod
1326 2066 1496 2122 decreverat
1507 2065 1585 2121 Dens
1598 2067 1628 2122 in
1641 2067 1783 2135 futurum,
1793 2072 1834 2126 vi·

1004 2137 1079 2192 dens
1093 2137 1364 2206 gennshumanum
1375 2136 1524 2203 laborare,
1533 2137 1589 2192 sibi
1599 2139 1682 2209 prius
1694 2141 1834 2196 subveni·

1004 2208 1086 2263 relin
1095 2207 1201 2263 eadem
1213 2210 1389 2263 necessitate
1403 2210 1573 2273 constricto,
1583 2211 1612 2265 in
1624 2211 1835 2282 quaomnibus

1005 2296 1036 2333 se
1048 2279 1219 2334 decreverat
1227 2279 1445 2334 subventurum
1457 2281 1623 2345 ;utdonum
1634 2282 1716 2353 quod
1724 2282 1832 2351 gratui-

1005 2356 1067 2404 tum
1081 2349 1214 2406 laturum
1228 2357 1300 2415 erat,
1310 2355 1337 2405 et
1349 2354 1542 2422 autatempus
1556 2352 1620 2407 dari
1632 2369 1692 2408 non
1706 2358 1831 2424 poterat,

1004 2421 1135 2493 hnicpro
1149 2427 1269 2493 preceet
1279 2421 1421 2493 lacrymis
1431 2423 1653 2479 concederetur.
1662 2424 1747 2489 Quod
1759 2440 1834 2497 quo·

1004 2492 1097 2548 modo
1115 2492 1173 2557 bal,
1190 2508 1250 2547 ιιοιι
1267 2498 1343 2547 tacet
1353 2493 1456 2548 dicens
1468 2511 1474 2549 :
1488 2494 1618 2567 elsperger
1630 2512 1670 2550 rue
1682 2495 1835 2567 bgssopo,et

1004 2562 1162 2617 mundabor.
1180 2565 1266 2618 Recte
1281 2580 1314 2619 as
1338 2566 1454 2621 ersione
1469 2566 1594 2637 hyssopi
1610 2568 1681 2638 petil
1699 2582 1730 2622 se
1746 2582 1835 2624 mun·

1004 2636 1079 2690 dari.
1095 2637 1132 2689 lle
1146 2633 1202 2689 boc
1217 2634 1295 2689 enim
1308 2579 1358 2689 bin
1376 2635 1465 2691 lsrael
1488 2644 1587 2708 postes
1602 2654 1672 2694 suos
1687 2654 1739 2694 san
1766 2637 1834 2694 uine

1005 2705 1173 2769 linirerunt,
1191 2706 1282 2759 uituli
1298 2713 1507 2776 prestarentur
1523 2725 1541 2762 a
1557 2717 1649 2764 morte
1663 2652 1766 2779 (band.
1782 2725 1833 2777 ιιιι,

1003 2781 1049 2841 ⁶22,
1066 2777 1112 2847 23)
1125 2794 1131 2830 :
1147 2777 1188 2831 itu
1199 2780 1227 2831 el
1238 2775 1287 2830 hic
1299 2777 1471 2847 aspersione
1482 2777 1605 2850 hyssopi
1616 2787 1681 2835 orat
1693 2780 1834 2836 mundari

1005 2864 1064 2904 sea
1080 2849 1222 2918 peccatis,
1233 2863 1271 2902 ne
1283 2853 1422 2919 tangatur
1431 2864 1448 2904 a
1457 2856 1562 2904 morte.
1575 2853 1606 2905 at
1618 2852 1768 2921 sequitur:
1781 2852 1835 2906 La·

1004 2917 1078 2973 rabis
1092 2936 1141 2983 me,
1158 2925 1182 2973 ct
1196 2934 1279 2988 super
1293 2920 1380 2975 nivem
1401 2919 1553 2974 dealbabor.
1571 2921 1756 2977 blanilestum
1777 2927 1832 2988 est,

1004 2991 1076 3062 quia
1092 2989 1204 3045 lactum
1218 2989 1267 3044 liei
1280 2990 1370 3045 distat
1384 3006 1401 3046 a
1414 2990 1491 3046 iacto
1505 2990 1655 3048 hominis:
1669 2992 1738 3050 ideo
1750 3009 1833 3065 super

1004 3061 1102 3125 nivem,
1116 3060 1220 3132 inquil,
1231 3058 1383 3124 dealbabor,
1396 3063 1466 3132 quia
1475 3062 1724 3134 quodDeuslecit,
1738 3066 1833 3122 multo

1006 3132 1113 3187 melius
1122 3139 1265 3203 estqnam
1276 3131 1358 3212 quod
1373 3131 1440 3188 lecit
1450 3134 1553 3190 homo.
1566 3137 1723 3205 Propterea
1733 3151 1834 3208 asper·

1005 3204 1088 3260 sione
1101 3202 1194 3275 bysso
1219 3202 1308 3274 ipelrt
1318 3202 1505 3266 seruandam,
1515 3205 1758 3261 utsicutcarnale
1770 3222 1835 3263 cor·

1006 3218 1830 3348 pusuquaabbbiturilaetperhyssopisignificationem,

1005 3344 1152 3419 spirituali
1178 3345 1290 3401 ratione
1312 3345 1483 3401 animarum
1500 3346 1624 3402 macula
1653 3346 1827 3404 abluantur.

1006 3417 1147 3490 aspersio
1161 3418 1241 3473 enim
1257 3415 1393 3488 hyssopi,
1411 3416 1546 3472 lustratio
1561 3417 1703 3489 quaedam
1717 3422 1764 3475 est
1780 3435 1787 3484 ;
1802 3423 1834 3475 ul

1004 3489 1097 3559 perid
1110 3489 1191 3561 quod
1206 3486 1320 3543 visibile
1331 3494 1386 3552 est,
1400 3487 1587 3545 invisibiliter
1599 3490 1788 3545 emundetur.
1801 3493 1834 3546 lit

1004 3576 1034 3615 se
1059 3562 1155 3616 uitur:
1184 3559 1307 3615 Auditui
1323 3575 1378 3613 meo
1396 3558 1472 3613 dabis
1503 3561 1616 3616 audium
1643 3567 1669 3616 et
1696 3560 1831 3618 laetitiam.

1003 3633 1045 3686 Du
1070 3631 1402 3700 inmnonest,quiarox
1415 3577 1832 3701 praebcantisremissionem,

1003 3703 1144 3771 gaudium
1161 3707 1282 3773 prestat
1298 3703 1514 3770 peccatoribus.
1532 3703 1602 3768 otiis
1617 3704 1697 3759 enim
1710 3719 1769 3759 non
1783 3702 1832 3760 lte·

1003 3771 1832 3844 tetur,cuniaudildariindulgentiamiilumenimlleus

1004 3843 1830 3918 remittitetinpraesentietinlulurosecurusest.Prop·

1004 3921 1065 3971 tera
1078 3914 1250 3970 resultabunt
1263 3931 1323 3970 assa
1335 3915 1491 3970 bumiiiuta.
1509 3916 1624 3988 lluplici
1638 3933 1746 3989 genere
1761 3922 1832 3973 sunt

1002 4003 1070 4043 ossa
1085 3985 1257 4042 humiliata:
1270 3988 1343 4058 quia
1354 3993 1382 4041 et
1396 3992 1426 4043 ut
1441 3995 1575 4059 peccaret
1586 3988 1759 4045 humiliatus
1771 3994 1830 4055 est;

1003 4074 1093 4114 nenio
1105 4059 1182 4112 enim
1197 4058 1491 4183 peccansexallatum
1506 4066 1533 4114 el
1546 4065 1578 4115 nt
1591 4066 1693 4130 postea
1705 4059 1832 4132 supplex

1004 4129 1121 4184 veniam
1134 4128 1196 4200 imp
1209 4135 1315 4185 oraret.
1331 4132 1405 4185 Nam
1423 4131 1523 4202 ulique
1535 4131 1565 4186 in
1580 4131 1677 4188 cilicio
1691 4135 1719 4186 et
1733 4131 1832 4186 cinere

1004 4199 1831 4272 volutatusmisericordiamprecabatur,quamoblinens

1003 4271 1133 4327 elevatus
1147 4279 1193 4326 est
1208 4271 1314 4326 mentis
1338 4271 1533 4327 exsultatione
1548 4277 1577 4326 et
1591 4272 1725 4342 corporis
1738 4270 1831 4328 reiec-

1003 4343 1093 4398 tione.
1108 4343 1140 4398 Et
1152 4342 1296 4413 subjecit:
1311 4341 1512 4409 Arcrlesaciem
1523 4349 1596 4398 tuam
1607 4341 1745 4413 operculis
1753 4341 1830 4407 meis,

1003 4420 1028 4470 el
1037 4430 1126 4469 omues
1135 4412 1441 4484 iniguitatesmeusdele.
1453 4411 1612 4469 llacforma
1621 4413 1830 4468 remissionem

1004 4486 1144 4557 postulat,
1152 4483 1529 4539 sicutaonstitutumeralin
1541 4483 1673 4539 futurum
1682 4483 1830 4554 perfidem

1004 4554 1393 4623 Cbrisli,utSalratorquiei
1403 4553 1643 4625 spiritualiterest
1652 4553 1829 4627 promissus,

1003 4630 1042 4685 ab
1058 4630 1122 4699 ipso
1133 4625 1392 4696 inciperetcuncla
1405 4626 1555 4681 conversis
1569 4626 1683 4682 donare
1697 4631 1830 4698 peccata.

1004 4699 1094 4768 Cujus
1104 4697 1183 4751 enim
1195 4712 1254 4750 non
1268 4697 1466 4767 respiciuntur
1479 4704 1611 4768 peccata,
1627 4704 1769 4754 etomnes
1781 4697 1832 4753 de·

1004 4770 1101 4825 lentur
1115 4767 1295 4839 iniquitates,
1311 4783 1371 4823 non
1387 4767 1476 4823 habel
1490 4769 1568 4823 unde
1584 4785 1651 4824 reus
1666 4770 1831 4826 constitua-

1004 4847 1060 4903 tur,
1075 4843 1104 4893 el
1116 4838 1304 4894 inimicorum
1327 4838 1393 4910 ejus
1407 4854 1459 4894 ora
1474 4838 1663 4896 clauduntur.
1678 4842 1733 4907 Qut
1750 4842 1830 4897 enim

1003 4926 1062 4967 non
1072 4910 1190 4983 respicit
1200 4915 1335 4980 peccata,
1344 4925 1404 4965 non
1413 4908 1462 4966 illa
1473 4912 1609 4982 imputat.
1623 4911 1683 4968 lloc
1694 4918 1740 4968 est
1750 4912 1831 4967 enim

1003 4988 1135 5038 avertere
1149 4981 1289 5037 laciema
1309 4982 1438 5052 peccatis
1454 4983 1590 5063 alicujus,
1607 4983 1830 5040 accusationem

1004 5062 1108 5110 contra
1123 5070 1192 5109 eum
1209 5068 1269 5108 non
1283 5053 1427 5124 accipere.
1441 5055 1472 5108 lit
1486 5055 1558 5126 qnid
1575 5060 1620 5109 est
1631 5054 1699 5119 hoc,
1715 5057 1747 5109 nt
1759 5068 1830 5109 oum

1003 5124 1041 5181 de
1051 5125 1171 5181 duobus
1184 5123 1315 5195 peccatis
1327 5131 1479 5195 correptus
1492 5124 1594 5191 sit‚bic
1604 5124 1742 5180 addatde
1753 5123 1832 5180 mul-

1004 5194 1830 5268 tissaaccusanaorelcumaudierirapropneultathan

1004 5266 1829 5339 quiaignotumeratei,quaresioposlulatsedulaprece,

1005 5345 1036 5392 ul
1050 5341 1142 5419 possit
1157 5336 1195 5392 ad
1209 5337 1325 5392 veniant
1338 5337 1500 5407 pervenire,
1515 5338 1572 5392 nisi
1586 5338 1655 5409 quia
1671 5354 1731 5394 non
1743 5354 1831 5395 suam

1005 5409 1098 5465 solius
1112 5424 1236 5464 causam
1251 5407 1322 5477 agit,
1339 5407 1392 5463 sed
1416 5407 1473 5463 sub
1488 5408 1679 5465 accusatione
1692 5415 1702 5446 ¹
1717 5409 1831 5482 peccati

1004 5478 1061 5543 sui,
1075 5480 1164 5535 totius
1179 5477 1282 5551 pupuli
1299 5478 1434 5534 miserias
1446 5479 1638 5536 narratlSibi
1648 5482 1728 5536 enim
1739 5480 1832 5537 refor-

1005 5549 1832 5623 mationemprecatur,quiacuiignoscitur,nonastsino

1034 5640 1042 5672 ¹
1060 5638 1108 5689 bis.
1125 5638 1248 5695 Colborl„
1262 5652 1307 5687 nes
1321 5637 1432 5700 correpti
1442 5638 1580 5702 negabunt.

1034 5701 1113 5754 ills.
1133 5701 1310 5761 colbertinus,
1327 5700 1466 5754 ammiras.
