3952 6150
765 168 962 229 aerenum.

93 294 142 352 ta.
156 290 233 357 Quid
248 294 293 349 est
315 290 396 347 enim
409 291 561 363 poenitere,
574 291 630 349 nisi
643 292 743 350 dolere
756 308 833 366 prm·

93 368 143 429 ,et
154 363 192 419 de
207 368 314 419 cratero
330 368 494 435 temperare
509 363 549 419 eb
562 363 609 419 his
621 380 689 437 qum
704 365 834 423 admise-

93 435 127 491 let
141 434 246 505 abacto
268 434 405 507 Tbiatyroe
420 435 550 491 Ecclesia
564 437 649 491 scribe
663 455 673 492 :
687 436 752 493 liaeo
765 438 834 494 dicit

93 504 167 571 rDei,
179 507 228 578 qui
239 505 483 563 babetoauiossiout
527 524 622 562 rumam
636 508 749 578 ioniaet
788 509 832 564 des

93 577 177 634 imitas
190 585 337 633 aeramento
351 578 470 650 Turino:
497 581 539 634 cio
550 586 696 649 operatua,
711 586 736 634 et
768 580 831 635 ilec-

93 668 112 714 ι,
129 655 155 705 et
166 648 286 719 Memmi
297 650 491 716 ministerium,
498 658 523 706 et
527 651 702 721 patientiam,
713 659 738 707 ct
749 668 832 723 opera

93 721 208 776 uictima
222 721 336 776 meliora
343 721 549 793 prioribus.Sed
558 722 829 791 Mbeoadoersumte,

93 792 156 848 :inis
171 791 310 847 mulierem
322 792 502 865 decebatque
514 811 540 849 se
552 794 619 850 dicit
632 794 831 866 pr·opltetom,et

101 871 129 920 et
142 863 242 919 seducit
271 880 359 918 seruos
376 882 445 920 meos
457 865 604 935 fornicari,
628 871 653 919 et
667 866 830 921 manducare

93 942 141 991 ota
156 935 245 990 idolis.
264 936 299 989 Et
311 936 371 990 dedi
384 939 409 990 ci
426 944 529 1008 teinpus
547 937 582 991 ad
595 937 788 1007 punitendum.
804 944 828 992 et

97 1023 175 1078 opere
186 1006 376 1078 penitentiam
391 1008 422 1062 de
431 1008 611 1131 fornicatione
622 1025 680 1064 sua.
698 1009 829 1064 Eceemit·

93 1078 146 1135 lam
166 1083 197 1133 in
210 1078 322 1143 tectum;
337 1085 360 1133 et
375 1079 429 1134 ado
442 1085 513 1134 ieros
527 1080 584 1151 ejus
594 1096 654 1135 cum
672 1080 723 1134 illa
738 1082 828 1134 iutri-

93 1166 167 1205 onem
179 1166 313 1220 mopnam,
320 1150 376 1204 uisi
383 1150 490 1221 egerim
499 1152 829 1222 paniteietiomlactorum

93 1239 123 1285 u,
138 1228 162 1275 et
177 1228 254 1276 natos
267 1221 325 1291 ejus
344 1222 461 1276 occidam
475 1228 560 1277 morte
574 1239 586 1285 ,·
607 1229 631 1277 et
644 1223 726 1277 soient
741 1238 829 1277 ornnes

93 1293 141 1357 eta,
156 1296 219 1362 quia
233 1309 277 1363 epo
289 1308 347 1347 sum
361 1293 408 1364 qui
420 1301 529 1348 scrutor
555 1310 629 1348 venes
644 1301 668 1347 et
681 1293 763 1348 corda
778 1311 788 1357 ,·
803 1301 827 1348 et

93 1365 232 1435 inicuique
240 1370 357 1419 oestrum
370 1365 512 1420 secundum
525 1381 679 1435 operatua.
697 1364 828 1421 Vobisau·

93 1436 142 1498 ico,
158 1435 294 1490 etcaeteris
307 1436 355 1507 qui
368 1436 511 1507 Tbeatyrae
534 1437 606 1501 estis,
622 1436 751 1507 quidone
767 1435 827 1490 doc·

93 1506 829 1578 anonbobetisctipnorotisaltitudiucmsotaua,sicut

93 1584 108 1641 t,
123 1594 176 1632 non
199 1581 277 1633 mitto
293 1579 323 1632 in
339 1596 381 1633 uos
394 1578 471 1634 aliud
484 1579 611 1650 pondus:
631 1596 724 1634 oerum
743 1585 828 1633 lucete

93 1650 185 1705 latetis
197 1650 278 1704 donec
289 1652 404 1704 ueniam.
425 1651 548 1705 Vincenti
562 1657 651 1706 autern
662 1657 688 1705 et
705 1650 829 1706 servanti

97 1737 155 1777 mea
165 1737 245 1791 usque
252 1722 281 1775 in
287 1722 376 1791 finem,
387 1721 454 1776 dabo
465 1723 829 1793 eipotestatemsuperpentes

93 1808 133 1857 .ιι,
149 1794 251 1863 ιι-ιιὶ).
260 1793 321 1848 Sub
330 1809 389 1849 una
401 1794 529 1864 Epistola
540 1794 656 1849 dataad
668 1794 829 1849 Ecclesiam

93 1878 172 1933 pram
186 1863 335 1934 duplicem
352 1865 523 1921 Novatisnae
539 1864 659 1920 heresis
674 1864 831 1920 contundit

93 1934 178 1990 ›todit
190 1950 320 1991 errorem
333 1953 339 1991 :
355 1941 384 1991 et
393 1938 606 2007 poenitentibus
615 1937 696 1991 euim
708 1935 828 1991 idolola-

93 2022 174 2063 :ausa
189 2006 318 2062 tractum
328 2008 512 2079 promittit‚et
524 2007 553 2062 in
562 2023 623 2063 una
632 2007 830 2063 Ecclesiama·

92 2092 132 2134 on
149 2077 355 2134 contaminare
380 2078 474 2135 bonos
487 2078 627 2143 ostendit,
655 2094 724 2133 crim
741 2081 829 2134 unius

93 2164 108 2204 e
122 2155 220 2204 essent
235 2149 458 2205 communionis
469 2166 538 2209 :uec
551 2151 631 2205 enim
641 2157 725 2205 extra
737 2148 830 2205 Eccle-

96 2219 827 2292 positisscribebatdicens,Quibabetaures,inquit,

93 2290 830 2362 tquiddicatSpiritusEcelesiis.Similiateriimmodo

94 2365 160 2417 olus
176 2363 298 2427 Paulus,
314 2364 422 2419 Scimus
447 2363 528 2427 enirn,
545 2365 650 2436 inquit,
677 2363 745 2435 quia
758 2381 830 2435 quae-

93 2450 114 2489 te
129 2432 358 2505 lcabquduest
371 2434 827 2560 quisublepesuutloquiturgltom.

93 2508 118 2575 t).
128 2506 304 2571 Etalioloco,
322 2506 395 2573 Quid
405 2508 485 2568 cuim,
499 2508 604 2578 inquit,
618 2506 725 2562 miltide
756 2507 832 2577 isqui

93 2584 151 2631 tunt
166 2576 384 2649 iudicarelltlor.
399 2576 502 2648 alili
517 2579 682 2649 Uniusargo
696 2578 831 2633 Ecclesiae

93 2663 155 2717 nes,
169 2650 276 2719 partim
289 2649 329 2705 ad
339 2649 544 2721 poeniteutiam
556 2655 707 2720 provocat,
723 2649 831 2720 partim

93 2719 157 2775 rdet
172 2719 285 2788 dicens,
315 2720 391 2775 turae
417 2727 506 2775 (tutem
530 2721 599 2785 dico,
614 2726 639 2774 et
653 2719 758 2775 catoris
784 2720 832 2790 oui

93 2807 148 2861 pra
163 2791 563 2863 estis,quicumquenontabctis
574 2790 725 2847 doctrinam
740 2791 830 2858 istoru,

93 2862 288 2927 ¹idololatriac,
303 2869 387 2918 tenete
397 2863 465 2934 quod
483 2862 594 2927 babctia,
607 2863 687 2918 donec
700 2863 807 2917 ueniam
821 2883 833 2932 ,·

96 2937 133 2997 st,
149 2940 332 3004 perseverate
346 2950 440 3006 usque
453 2935 492 2989 ad
504 2933 604 3003 linem,
622 2934 693 3007 qrria
705 2934 757 3005 qui
769 2950 833 3004 per-

94 3005 185 3059 ararit
201 3020 295 3077 usque
311 3005 342 3060 in
361 3006 463 3073 linem,
476 3005 524 3061 hic
538 3005 637 3061 salsus
653 3005 705 3060 erit
719 3005 831 3073 (Metel.

93 3078 110 3142 t.
125 3075 356 3148 Similiteretqui
367 3076 637 3149 perseveraverilin
647 3076 736 3141 malo,
750 3077 833 3131 darn·

93 3162 139 3204 ur.
153 3149 193 3201 Ac
204 3164 256 3218 per
268 3148 325 3203 boc
336 3150 410 3203 sicut
419 3147 535 3218 justitia
541 3148 614 3219 justi
627 3163 689 3203 non
698 3146 834 3220 liberabit

99 3218 129 3273 in
144 3217 192 3273 dle
204 3235 266 3290 qua
280 3221 421 3274 erraverit
437 3236 444 3286 ;
461 3220 503 3275 sic
518 3224 546 3275 et
571 3218 611 3274 ini
638 3220 715 3274 uitas
728 3218 833 3287 iniusti

93 3288 195 3345 lucebit
214 3291 250 3355 ei,
267 3306 335 3346 cum
350 3291 528 3347 couverterit
540 3306 581 3345 se.
601 3234 669 3346 lffeo
684 3289 767 3354 dixit,
785 3304 832 3345 sa·

93 3375 142 3416 ans
157 3361 213 3416 diis
228 3362 444 3418 eradicabitur:
462 3364 485 3417 si
500 3366 601 3417 autem
614 3361 789 3416 converterit
801 3376 833 3415 se

93 3432 253 3488 incisioni
266 3439 312 3488 est
326 3438 354 3488 et
370 3433 440 3487 illud
456 3434 539 3505 quod
552 3434 594 3488 ait
608 3432 762 3499 Dominus,
779 3431 834 3498 Qui

93 3504 203 3575 paverit,
219 3503 315 3575 nepobo
325 3520 384 3559 eum
396 3504 478 3574 (lteid.
495 3504 550 3577 33).
564 3505 701 3560 Stantem
713 3519 833 3559 conver·

93 3591 127 3640 ie,
148 3590 207 3629 non
224 3576 331 3657 poterit
343 3576 444 3644 negari
458 3576 497 3630 ab
512 3591 547 3630 eo
559 3592 650 3647 qrrem
665 3575 832 3632 confltetur.

92 3651 137 3702 est
153 3650 184 3700 ut
200 3645 310 3702 diceret
326 3648 354 3701 in
372 3646 498 3708 l‘salrun.
512 3646 575 3701 Non
583 3645 785 3719 justificabitur
803 3649 833 3701 ia

93 3722 144 3773 totu
157 3723 201 3772 tuo
212 3719 299 3773 emetis
310 3717 384 3772 bomo
398 3718 488 3773 oiueus
503 3718 591 3799 (Psoi.
607 3733 689 3783 cxnrr,
712 3719 750 3788 2).
767 3720 834 3772 llaec

100 3791 245 3845 sententia
255 3790 420 3861 imputatur
433 3789 548 3844 bomini
564 3790 593 3844 in
615 3805 676 3860 qua
691 3789 828 3844 moritur.

94 3860 165 3932 quia
181 3859 210 3915 iu
226 3861 357 3917 Ecclesia
367 3860 436 3916 mali
450 3876 519 3916 cum
529 3859 617 3915 bonis
631 3860 717 3915 luturi
735 3864 835 3915 essent

93 3946 102 3987 e
117 3930 155 3986 ad
168 3931 314 4001 judicium
332 3932 391 3997 llei,
408 3933 470 4002 ipse
484 3932 561 3986 [teris
577 3930 765 4000 significavit,
790 3930 833 3985 di-

103 4002 249 4058 Simiicest
264 4021 377 4073 ceperum
391 4002 518 4059 calorum
527 4002 581 4056 reti
602 4003 681 4056 misso
696 4003 727 4056 in
745 4018 831 4067 mare,

93 4090 116 4127 *e
130 4075 205 4127 omni
217 4091 313 4145 praere
327 4076 441 4146 piscium
451 4074 738 4145 colligitdumautem
748 4076 833 4128 uenie-

93 4144 107 4199 d
122 4144 210 4212 littus,
228 4145 305 4201 bonos
320 4153 526 4218 teprepaoerunt
542 4146 570 4199 iu
587 4162 651 4200 oasa
671 4161 732 4211 suo,
747 4146 832 4200 motos

93 4216 183 4286 ‚toras
198 4218 340 4274 miseruut.
356 4217 401 4273 Sic
419 4219 473 4272 erit
493 4219 521 4271 in
539 4218 767 4272 consummatione
780 4232 832 4271 sac-

93 4287 316 4360 eaibuutelnpcli,
328 4297 353 4345 et
366 4289 541 4361 seprcpabunt
551 4288 582 4343 dc
592 4305 673 4359 repuo
686 4288 833 4343 Deiomuia

93 4358 143 4427 ala,
168 4367 191 4415 ct
203 4377 243 4414 eos
262 4362 307 4433 qui
324 4362 496 4432 irtt'quitatem
520 4360 628 4430 faciunt
657 4359 756 4415 llattb.
772 4374 831 4427 ιιιι,

93 4440 108 4489 t·
125 4432 570 4502 Haeecausasigniticaturetiam
583 4431 612 4486 in
624 4430 642 4485 il
655 4447 684 4496 o,
693 4429 746 4502 qui
758 4430 833 4484 inter

93 4500 832 4560 mbentesinventusestnonbabenssesttmemnm

93 4573 137 4629 sle
150 4574 203 4644 (ld.
218 4591 288 4643 xxii,
303 4580 346 4639 tu,
366 4580 428 4645 t3):
445 4590 537 4646 quem
551 4574 650 4629 solum
664 4575 831 4645 projectum

93 4647 132 4700 ctu
143 4647 270 4702 ostendit
285 4646 431 4710 Ecclesiae,
442 4646 515 4718 quia
525 4646 636 4700 crimen
646 4643 831 4712 indignitatis

93 4730 145 4771 non
154 4717 401 4786 pollultcaeleros;
416 4717 590 4797 etquiahaec
601 4715 761 4785 indignitas
769 4715 833 4786 ejus

93 4793 162 4842 nata
178 4794 232 4853 est,
247 4790 378 4860 eoquod
393 4795 604 4844 vestimentum
622 4804 681 4842 non
696 4787 833 4843 habuerit

92 4857 832 4921 ale,manilestusluitcaeteris.'llidebautenimeum

94 4944 125 4983 se
140 4929 221 4985 aliud
239 4947 302 4986 esse
317 4933 467 4987 vestitum.
485 4931 555 4986 llinc
571 4936 616 4986 est
631 4931 710 4984 unde
726 4928 833 4985 Pacilus

96 4998 173 5065 olus,
191 5001 223 5055 ln
236 5019 334 5073 mopua
346 5008 445 5067 autern,
456 5002 560 5073 inquit,
576 5000 661 5063 ἀοιιιο,
678 5017 731 5055 non
747 5000 833 5055 sotum

93 5086 146 5125 rata
158 5089 243 5127 aureo
255 5081 281 5127 et
296 5080 436 5144 arpenteo,
451 5074 495 5128 sed
508 5080 532 5128 et
548 5073 635 5143 lipneo
652 5078 679 5127 ct
693 5070 833 5141 fictiliatll

99 5157 129 5211 ιι,
143 5147 198 5211 io).
216 5144 296 5199 Istud
309 5151 429 5215 propter
443 5148 637 5215 tlymenaeum
649 5149 677 5199 et
691 5143 832 5198 Philetum

97 5217 117 5277 t,
129 5215 178 5284 qui
194 5230 263 5270 cum
275 5221 373 5271 essent
385 5231 420 5271 ex
435 5214 574 5279 Ecclesia,
591 5230 728 5286 perverse
743 5215 781 5269 de
792 5228 834 5268 re·

93 5285 833 5359 ctionosentiebant;sicutaliquideCorinthiorum

93 5356 138 5411 sia
154 5358 401 5413 resurrectionem
423 5359 585 5427 negabant.
603 5356 660 5414 Sed
684 5358 762 5413 bane
781 5355 833 5411 do-

107 5443 251 5497 magnam
264 5431 445 5485 Noratianus
462 5428 609 5485 muudum
625 5428 771 5498 significat
793 5427 835 5481 in·

93 5500 215 5566 endum,
235 5516 295 5557 uon
319 5502 500 5567 Ecclesium3
517 5516 554 5555 ue
577 5500 608 5554 in
630 5514 691 5554 una
707 5498 836 5553 Ecclesia

93 5588 107 5626 s
122 5586 192 5628 eum
205 5572 303 5638 bonis,
315 5572 446 5629 mrindos
455 5588 524 5628 cum
539 5569 703 5625 immundis
713 5576 836 5638 cogatur

93 5658 154 5699 tere.
182 5642 269 5711 Quod
285 5644 369 5700 tacile
383 5648 455 5716 puto
480 5639 618 5699 convelli.
635 5642 667 5697 ln
682 5656 743 5696 una
757 5639 837 5722 enim

93 5728 224 5771 >omnes
238 5715 296 5772 sub
311 5731 371 5773 uno
380 5714 575 5775 suntnomine
588 5726 595 5768 :
606 5714 747 5787 quamvis
756 5726 838 5771 enlm

131 5812 279 5872 arraei.
303 5814 414 5874 XXXV.

1645 182 1716 241 2310

888 295 1215 365 moribasdirersisint,
1228 313 1289 356 uno
1301 300 1522 359 tumendomini
1533 305 1578 360 sui
1591 306 1714 365 nomine

888 369 1282 441 causenturinprolessioue.
1295 372 1713 435 llundusautembicdivcrsa

886 439 1081 511 professionis
1092 441 1221 497 continet
1230 442 1377 511 homiues,
1386 443 1427 499 ita
1439 452 1469 499 ut
1481 445 1618 519 dispares
1627 449 1714 521 proli·

888 516 1005 568 leantur
1017 529 1049 568 se
1064 512 1175 569 babere
1190 518 1218 569 et
1231 514 1304 570 deos
1319 520 1348 569 et
1375 515 1526 571 dominos.
1544 518 1629 573 Vides
1642 535 1712 592 ergo

886 598 947 638 non
964 585 1019 639 boc
1033 585 1165 710 potuisse
1179 585 1236 641 dici
1258 586 1295 641 de
1309 586 1434 651 mundo,
1451 588 1503 643 sed
1518 592 1555 644 de
1570 591 1711 658 Ecclesia,

886 654 915 708 in
926 669 1030 726 quasu
1064 670 1124 712 uno
1133 655 1275 726 degentes
1286 656 1418 723 nomine,
1430 658 1539 716 diversi
1550 668 1619 717 suut
1631 668 1711 717 actu.

885 723 971 793 Quod
985 725 1106 799 quidem
1122 727 1319 785 Novatianum
1334 743 1394 783 non
1410 730 1563 799 ignorasse
1576 731 1710 799 adverto,

886 796 939 851 sed
951 812 1024 869 qma
1038 798 1224 854 abcessionis
1238 815 1296 855 suaa
1309 800 1407 869 justas
1426 802 1629 872 querimonias
1650 819 1712 861 non

884 867 1712 944 habenulamaperteerubesceret‚argumentaqmedam

884 939 940 994 sibi
956 939 1099 996 coullavit
1124 957 1176 1013 per
1191 941 1302 997 malam
1325 940 1400 1011 legis
1426 945 1710 1014 interpretationem,

883 1009 994 1135 (petbus
1005 1026 1149 1068 excursare
1160 1012 1301 1068 niteretur
1314 1019 1343 1069 ct
1353 1019 1450 1083 legere
1464 1013 1564 1071 livoris
1578 1014 1625 1071 sui
1638 1016 1713 1073 invi·

883 1100 893 1135 l

906 1098 955 1136 am
970 1082 1165 1139 voluntatem.
1186 1085 1316 1156 [lenique
1340 1085 1500 1157 respondet
1513 1086 1552 1142 ad
1567 1086 1631 1143 haec
1642 1103 1711 1159 quae

883 1152 1012 1208 diximus
1026 1153 1139 1219 dicens,
1156 1156 1277 1224 Necego
1293 1171 1386 1211 renuo
1399 1156 1550 1225 agendam
1566 1157 1712 1229 poeniten·

883 1223 955 1279 tiam
976 1223 1117 1280 admissae
1140 1224 1324 1291 idololatriae,
1338 1226 1390 1281 sed
1414 1242 1471 1296 ego
1489 1231 1637 1285 remittere
1650 1245 1712 1285 nou

883 1296 1000 1361 audeo;
1014 1297 1086 1366 quia
1100 1295 1213 1351 crimen
1224 1297 1280 1351 hoc
1291 1299 1330 1351 ab
1341 1314 1376 1352 co
1388 1298 1600 1357 remittendum
1614 1306 1670 1366 est,
1681 1301 1711 1355 in

883 1382 974 1437 quem
987 1366 1153 1422 admissum
1167 1372 1219 1422 est.
1236 1370 1301 1423 tlmc
1315 1374 1416 1423 autem
1432 1386 1501 1425 cum
1512 1369 1582 1426 dolo
1591 1386 1712 1454 respon·

883 1440 943 1492 det.
961 1436 1254 1509 luterpretationibus
1264 1440 1345 1494 euim
1355 1439 1417 1493 suis
1429 1441 1584 1509 detegitur,
1599 1442 1712 1523 quibus

884 1507 965 1564 lraus
987 1508 1052 1591 ejus
1072 1516 1209 1580 apparet.
1233 1508 1360 1577 Quando
1374 1512 1455 1565 euim
1471 1511 1551 1576 dicit,
1568 1518 1711 1583 scriptum

884 1586 940 1647 est,
954 1580 1007 1646 Qut
1021 1596 1062 1635 me
1080 1580 1230 1651 uepaomit,
1246 1587 1272 1637 ct
1287 1597 1333 1652 epo
1353 1581 1451 1652 negabo
1462 1598 1531 1647 eum,
1554 1589 1583 1638 et
1594 1583 1711 1639 mentiri

885 1666 945 1706 nou
961 1656 1058 1723 potest
1069 1651 1156 1723 cujus
1180 1651 1270 1708 verba
1286 1658 1373 1716 sunt;
1391 1654 1597 1724 paenitentiam
1642 1670 1714 1709 uam

884 1722 1034 1792 agendam
1047 1722 1128 1789 dicit,
1143 1723 1263 1778 inanem
1275 1723 1525 1780 etinlructuosam
1535 1670 1676 1781 ostendit.
1685 1723 1715 1781 Sl

884 1796 965 1849 enim
980 1794 1128 1850 sententia
1138 1794 1209 1849 ‹lata
1218 1799 1308 1859 estet
1319 1810 1379 1850 non
1392 1794 1466 1851 tallit
1476 1797 1527 1867 qui
1539 1795 1714 1868 dadit3quid

885 1863 1048 1921 excruciari
1063 1881 1131 1921 com
1155 1864 1219 1921 ellis
1232 1865 1385 1921 bominem
1409 1865 1674 1922 lamentationibus
1687 1870 1716 1923 et

885 1936 1055 2005 gemitibus,
1065 1938 1116 2015 qui
1134 1881 1226 2007 flujus
1241 1935 1497 2003 reiellectum,aut
1510 1936 1715 2006 denegas,aut

885 2008 959 2063 scire
975 2013 1001 2064 te
1015 2008 1138 2063 minime
1151 2006 1300 2078 profiteris
1316 2007 1330 2062 t
1342 2007 1446 2065 Omnis
1462 2009 1540 2064 enim
1552 2010 1603 2080 qui
1617 2010 1715 2065 consi·

885 2078 956 2134 lium
973 2076 1061 2135 alicui
1075 2080 1136 2143 dat,
1164 2079 1202 2135 ad
1219 2078 1276 2135 boc
1293 2080 1392 2152 atique
1407 2081 1469 2145 dat,
1486 2080 1604 2151 utquid
1620 2096 1656 2136 ex
1680 2096 1715 2136 eo

885 2149 1029 2221 prolicere
1042 2151 1147 2222 possit,
1164 2150 1315 2221 praedicet.
1333 2152 1389 2207 Sed
1399 2152 1473 2223 quia
1485 2156 1525 2215 tu,
1541 2152 1715 2220 ltovatiane,

885 2221 989 2276 dolose
1004 2223 1061 2277 hoc
1076 2221 1235 2293 profiteris,
1253 2221 1290 2276 ad
1303 2221 1473 2277 illudendas
1490 2227 1603 2278 mentes
1618 2223 1714 2278 homi-

887 2292 1122 2364 numageudam
1134 2292 1430 2364 poeniteutiamdicis.
1438 2294 1624 2350 Sciensenim
1632 2308 1716 2364 aper·

886 2369 913 2420 te
924 2363 981 2420 hou
995 2365 1097 2433 negari
1112 2380 1173 2419 nou
1188 2380 1286 2436 posse,
1303 2363 1448 2420 subtiliter
1461 2363 1546 2430 lucis,
1571 2364 1716 2438 quianon

886 2451 958 2491 voce
969 2436 1022 2491 sed
1037 2435 1144 2491 affectu
1162 2437 1170 2471 ¹
1188 2436 1393 2507 poeniteutiam
1422 2441 1575 2507 amputas.
1589 2436 1716 2493 Omnem

887 2513 963 2562 certe
974 2507 1026 2578 qui
1039 2507 1126 2561 idolis
1143 2507 1366 2572 sacrificaverit,
1380 2506 1409 2562 in
1422 2507 1562 2580 Spiritum
1577 2511 1716 2563 sanctum

887 2578 961 2632 dicis
973 2593 1106 2649 peccare,
1121 2576 1168 2633 cui
1181 2578 1386 2650 neqnebic,ue
1410 2579 1482 2634 ucin
1493 2577 1636 2644 futurum,
1668 2594 1718 2633 ec·

886 2655 985 2705 catum
997 2648 1055 2705 boc
1070 2649 1178 2704 remitti
1190 2665 1243 2721 per
1258 2650 1331 2718 legis
1347 2665 1398 2703 ver
1421 2664 1438 2704 a
1457 2649 1623 2705 contendis.
1640 2594 1717 2714 guo·

888 2719 1061 2789 modoergo
1072 2719 1163 2789 bujus
1175 2720 1273 2775 delicti
1287 2719 1438 2789 agendam
1453 2721 1659 2790 poeriiteutiam
1673 2720 1716 2776 di·

886 2792 939 2854 cis,
956 2791 1011 2848 nisi
1050 2792 1098 2847 tria
1112 2789 1200 2856 fallis,
1216 2791 1292 2846 sicut
1305 2807 1397 2859 supra
1412 2789 1553 2846 ostendi?
1568 2790 1625 2847 Sed
1638 2791 1716 2847 soles

886 2807 1716 2942 aliodolopruudembuncvellecontegere‚diceuseodem

887 2948 976 2987 sensu
988 2932 1079 2988 etiam
1095 2935 1211 2988 Petrum
1225 2932 1395 3003 apostolum
1406 2933 1514 2989 dixisse
1525 2934 1648 2999 Simoni,
1660 2933 1682 2988 A
1703 2950 1716 2988 e

884 3002 1069 3073 penitentiam
1082 3002 1116 3057 ab
1131 3003 1180 3058 bac
1191 3003 1299 3058 malitia
1310 3011 1367 3067 tua,
1374 3005 1400 3058 si
1409 3005 1482 3075 forte
1496 3005 1655 3062 remittatur
1664 2950 1717 3060 ngr

887 3075 961 3144 (rtet.
978 3088 1037 3138 vrit,
1053 3073 1109 3144 ut).
1125 3075 1180 3130 Sed
1197 3081 1341 3131 contuens
1354 3075 1509 3147 apostolus
1520 3076 1624 3131 Petrus
1639 3082 1717 3133 vete-

885 3148 1169 3201 remetvenenetam
1184 3144 1713 3216 rualltiamhominisetperamarum,

886 3215 1716 3288 idcircodubiumeideditrespousum.Quisenimmor·

888 3288 991 3344 talium
1006 3287 1049 3344 sic
1086 3286 1208 3352 cccavit,
1235 3294 1265 3341 ut
1283 3286 1398 3342 donum
1416 3287 1464 3343 [tei
1489 3288 1614 3359 pecunia
1629 3289 1715 3345 vellet

887 3358 1040 3415 mercari?
1082 3358 1265 3415 alcvolentias
1281 3372 1352 3428 ergo
1364 3374 1543 3431 responsum
1562 3358 1640 3417 istud
1658 3361 1714 3416 da-

886 3434 951 3487 tum
964 3436 1017 3496 est,
1034 3446 1093 3487 non
1109 3430 1210 3487 errori.
1228 3432 1294 3486 llaec
1308 3435 1353 3486 est
1366 3431 1446 3486 euim
1461 3447 1530 3503 qum
1547 3430 1714 3486 remedium

886 3517 948 3558 non
962 3501 1069 3567 babel3
1085 3502 1158 3573 quia
1172 3517 1225 3557 nec
1238 3516 1319 3557 error
1333 3506 1387 3567 est,
1401 3517 1517 3573 uesper
1527 3516 1620 3573 quam
1630 3518 1715 3558 excu-

887 3580 965 3629 setur
975 3574 1146 3635 necessitas.
1159 3579 1188 3629 ut
1202 3571 1462 3645 possitperlletum
1474 3573 1511 3628 ad
1525 3574 1715 3644 veniamper-

888 3646 996 3700 venire.
1012 3642 1042 3699 Si
1058 3644 1086 3700 in
1102 3644 1151 3700 tali
1164 3645 1362 3716 itaquecausa
1373 3643 1463 3716 aliqui
1471 3642 1713 3712 lueriutinventi,

886 3715 944 3771 hoc
953 3715 1076 3770 aridiant
1086 3715 1289 3786 quodaudivit
1299 3715 1446 3770 etSimou.
1459 3717 1532 3771 Nam
1544 3714 1611 3770 ideo
1622 3713 1713 3771 dubie

887 3785 1041 3856 respoudit
1057 3787 1083 3841 ei
1099 3785 1254 3857 apostolus
1270 3786 1372 3841 Petrus
1387 3786 1499 3852 (licens,
1514 3785 1625 3912 [wne
1642 3785 1714 3842 enim

886 3856 1082 3912 amaritudinis
1096 3864 1121 3912 et
1134 3857 1163 3911 in
1178 3856 1339 3928 otlr'oationc
1354 3856 1509 3929 iniquitatis
1521 3858 1548 3911 o'
1580 3864 1632 3913 ote
1649 3874 1712 3913 esse.

886 3929 913 3984 Si
927 3942 998 3999 ergo
1013 3929 1043 3984 in
1062 3934 1122 3984 tam
1145 3928 1229 3998 gravi
1254 3944 1355 3993 causa,
1371 3934 1398 3983 et
1412 3945 1480 4002 quas
1502 3930 1565 3985 sine
1580 3930 1713 3986 remedio

887 4000 1032 4064 videatur,
1045 3998 1136 4055 dubie
1145 4014 1325 4071 responsum
1335 4006 1394 4067 est;
1406 3999 1713 4071 ambiguumuonest,

886 4071 928 4126 eis
942 4072 994 4143 qui
1007 4086 1105 4127 errore
1124 4076 1176 4127 aut
1191 4073 1365 4128 necessitate
1378 4073 1478 4145 aliqua
1495 4074 1523 4128 in
1539 4074 1631 4128 Deum
1648 4088 1713 4144 pec·

885 4142 1712 4216 cantpasseremitti,sicongruampoenitentiamagant.

886 4216 946 4270 lloc
960 4214 1039 4270 euim
1055 4230 1232 4271 concessum
1246 4221 1290 4270 est
1301 4214 1360 4286 juri
1375 4214 1574 4271 ecclesiastico
1586 4212 1625 4268 ab
1641 4228 1713 4268 auc·

886 4292 959 4349 tore,
976 4289 1007 4341 ut
1022 4290 1050 4340 et
1064 4286 1271 4357 poeriitentiam
1297 4287 1356 4348 det,
1372 4290 1400 4341 et
1422 4289 1491 4354 post
1506 4283 1712 4355 paenitentiam

886 4356 1018 4428 recipiat·
1038 4358 1070 4411 Et
1081 4357 1178 4412 adbuc
1193 4356 1356 4427 estaliquid
1369 4354 1450 4427 quod
1461 4354 1649 4425 reprehendit
1659 4356 1713 4409 No·

888 4430 1046 4484 vatianus:
1061 4431 1128 4493 Cur,
1149 4428 1255 4499 iuquit,
1272 4442 1381 4497 corpus
1398 4425 1513 4481 Docuini
1528 4425 1648 4480 tradunt
1669 4424 1712 4479 eis

886 4515 963 4570 quos
974 4504 1121 4556 noverunt
1131 4497 1324 4569 peccatores?
1338 4498 1428 4563 Quasi
1437 4495 1616 4568 possintipsi
1627 4509 1714 4550 aecu-

887 4578 1083 4631 satorescsse.
1096 4570 1145 4640 qui
1156 4568 1355 4639 suntjudices.
1365 4570 1499 4624 Stantem
1515 4564 1646 4623 accusati
1653 4566 1714 4621 lue·

887 4642 979 4697 rintet
989 4639 1182 4705 manifestati,
1199 4646 1338 4711 poterunt
1348 4640 1446 4705 abjici.
1457 4637 1606 4710 Numquis
1620 4637 1714 4707 judex

888 4712 1055 4768 accrrsantis
1068 4716 1168 4766 sumat
1179 4726 1339 4782 personam
1349 4711 1363 4764 ‘l
1374 4713 1446 4766 Nam
1459 4711 1483 4765 si
1494 4711 1558 4782 ipse
1568 4707 1714 4765 Dominus

885 4784 996 4839 ludam
1010 4798 1119 4854 passus
1134 4791 1188 4849 est,
1203 4797 1293 4854 quem
1311 4781 1423 4838 sciebat
1436 4780 1531 4837 lurein
1547 4797 1622 4847 esse,
1637 4784 1666 4838 et
1679 4796 1714 4836 ea

887 4871 954 4927 quac
967 4853 1162 4911 mittebantur
1175 4858 1332 4924 exportare
1356 4852 1446 4924 (ioan.
1460 4869 1508 4917 xrr,
1522 4853 1561 4918 6),
1574 4868 1630 4908 nec
1644 4867 1715 4908 eum

887 4923 1518 4999 quiaecusatusnonest,abjecit:bocexem
1543 4923 1713 4994 loutiopor·

889 5004 937 5062 tet,
953 5001 984 5053 ut
997 5013 1067 5053 erim
1082 4996 1211 5068 abjicere
1226 5012 1286 5051 non
1302 4995 1398 5066 liceat,
1415 4996 1467 5067 qui
1482 4940 1601 5069 publice
1614 4994 1714 5075 detec-

890 5074 936 5125 tus
949 5084 1009 5124 non
1018 5068 1114 5125 licerit.
1125 5070 1197 5123 Nam
1208 5068 1351 5138 neojusto
1361 5064 1715 5145 virocompetitaliquem

890 5155 1041 5196 accusare.
1059 5140 1141 5196 Unda
1154 5139 1318 5201 llattbmus,
1331 5137 1425 5210 insepti
1439 5154 1498 5194 cum
1519 5143 1594 5204 esset,
1607 5137 1714 5208 inquit,

890 5211 1070 5282 bomojustus,
1086 5217 1112 5265 et
1124 5209 1205 5266 nollet
1217 5226 1276 5265 eam
1288 5210 1440 5275 traducere,
1451 5210 1536 5264 ootuit
1545 5225 1604 5265 eam
1617 5205 1716 5263 occulte

888 5282 1025 5337 dimittere
1040 5281 1149 5352 (nortl.
1166 5298 1185 5346 r,
1205 5280 1255 5351 it).
1269 5280 1284 5336 J
1288 5282 1364 5337 udas
1379 5296 1450 5350 argo
1463 5295 1531 5335 cum
1547 5285 1626 5335 esset
1640 5278 1717 5334 inter

889 5352 1062 5424 discipulos,
1079 5354 1256 5424 contagione
1271 5366 1326 5407 sua
1337 5367 1396 5407 nou
1408 5367 1459 5405 ens
1473 5350 1642 5414 mecrrlavit,
1657 5348 1718 5403 dis·

890 5423 1050 5479 sentientes
1063 5424 1163 5495 utique
1171 5440 1188 5479 a
1196 5423 1280 5478 lurtis
1292 5424 1371 5491 ejus;
1380 5420 1631 5478 etEucharistiam
1642 5422 1717 5476 iuter

891 5510 942 5551 eos
950 5494 1109 5566 accipiens,
1120 5510 1179 5550 uon
1192 5494 1297 5567 polluit
1309 5494 1491 5550 innocentes.
1506 5495 1563 5550 Nec
1575 5492 1718 5548 Dominus

891 5567 917 5623 et
928 5579 1015 5638 quiem
1027 5565 1174 5623 latronem
1185 5565 1424 5639 sciebat,corpus
1432 5581 1521 5621 suum
1531 5564 1699 5638 denegabat
1709 5577 1717 5629 ;

921 5719 929 5751 ¹
944 5716 994 5769 Ma.
1012 5716 1139 5778 colbert,
1157 5716 1254 5782 speetu

1298 5804 1584 5881 (Soiaantetreiael
