3952 6150
117 325 194 387 1631
592 325 638 388 IN
659 324 822 388 tuturus
845 323 1116 399 avuncunlum,
1138 325 1169 387 S.
1193 324 1405 390 AUGUSTlNl
1798 325 1878 388 1631

116 457 247 517 hoeesse
271 456 555 516 iacereroluntutem
576 459 637 525 Dei,
664 459 775 531 operari
805 457 968 531 opusejus‚
1026 458 1093 528 Deo,
1109 457 1184 515 Deus
1198 458 1275 530 apud
1291 459 1394 525 Deum,
1409 465 1578 527 coaternus,
1595 459 1777 529 immortalis,
1799 460 1878 534 pari·

118 548 687 623 idestquoditllplaeetllpseautem
709 549 850 605 Dominus
873 551 969 618 aperte
1024 549 1067 602 ter
1091 546 1350 618 incommutabilis,
1373 547 1479 619 pariter
1511 549 1575 605 sine
1597 553 1737 622 tempore,
1766 549 1877 622 pariter

118 638 174 697 elio
187 638 248 695 loco
267 638 339 694 dicit
354 655 361 694 :
378 640 430 695 Hoc
440 643 477 696 eet
491 654 558 710 opus
582 640 638 707 Dei,
660 642 689 695 at
711 638 831 695 credatis
843 639 881 709 {in
908 653 969 693 eum
1024 639 1139 693 creator
1152 646 1179 692 et
1194 637 1356 710 dispositor
1367 646 1530 711 temporum
1545 656 1552 706 ς
1570 647 1666 695 tamen
1678 639 1746 710 quia
1760 639 1876 695 venitin

117 745 197 802 quem
210 729 258 785 itte
269 727 344 785 misit
357 728 445 801 (loen.
461 745 499 797 vr,
513 729 571 799 29),
583 730 742 787 uteredatts
754 731 859 786 irarum
875 744 882 798 ;
898 742 968 793 non,
1024 728 1162 795 tempure,
1178 731 1207 783 et
1223 727 1348 784 termam
1363 729 1441 784 aerei
1452 728 1574 801 aceepit,
1598 733 1627 785 et
1650 728 1749 785 habitu
1766 732 1812 785 eet
1833 729 1876 784 in·

117 821 151 873 ut
161 815 284 873 credatis
298 816 335 883 ei,
352 817 408 872 Sed
424 816 449 872 si
463 817 583 873 creditis
598 817 628 872 in
641 832 721 886 eum,
733 815 899 883 creditisei3
911 830 968 870 uon
1022 818 1127 871 ventus
1140 823 1170 871 ut
1185 815 1272 874 homo
1286 816 1419 889 (Philipp.
1436 818 1513 889 u,7J,
1525 817 1630 890 querit
1640 816 1877 891 gloriamPatris,

119 909 216 963 autern
231 906 369 963 continuo
386 907 435 978 qui
450 906 543 962 credit
554 907 590 972 ei,
607 907 697 963 credit
713 907 741 961 in
757 923 835 962 eum.
852 904 924 961 Nam
941 909 970 961 ot
1023 921 1081 961 non
1096 921 1179 962 suam
1196 922 1203 961 :
1220 905 1290 979 quid
1301 910 1344 976 tu,
1360 905 1459 977 homo,
1470 907 1562 963 tacere
1577 906 1675 975 debes,
1692 908 1743 978 qui
1758 907 1878 978 quando

118 995 266 1052 demones
291 995 448 1051 eredebant
464 995 500 1063 ei,
527 998 556 1050 et
575 1010 632 1051 non
657 995 813 1051 credebant
841 994 870 1051 ln
889 1009 967 1050 eum.
1024 994 1133 1066 aliquid
1146 994 1214 1051 honi
1235 994 1315 1061 iacis,
1326 995 1449 1068 gloriam
1461 995 1674 1068 tuamquaris;
1691 996 1809 1068 quando
1828 1012 1879 1052 au·

118 1085 232 1141 Rursus
252 1085 340 1140 etium
369 1085 670 1157 deApustotisipsius
692 1085 967 1159 possumusdicere,
1024 1079 1625 1156 templiquidmatilacis,Daooatumniam
1638 1084 1876 1141 meditarlsitn·

118 1173 271 1231 Credimus
287 1173 376 1231 Paulo
393 1192 400 1242 ;
425 1174 475 1230 sed
503 1191 572 1244 non,
592 1175 744 1231 Credimus
772 1175 802 1230 in
823 1172 966 1231 Paulum:
1022 1173 1109 1231 tende
1123 1174 1196 1241 tihl;
1213 1179 1346 1230 creatura
1360 1191 1402 1240 es,
1419 1190 1544 1247 agnosce
1560 1176 1746 1232 Creatorem:
1771 1190 1875 1232 servus

118 1261 269 1318 Credimus
287 1263 388 1331 Pctr03
404 1265 453 1320 sed
471 1281 540 1331 non,
556 1264 707 1320 Credimus
719 1265 748 1320 iu
761 1263 889 1322 Petrum.
903 1264 969 1320 Cre·
1022 1280 1064 1332 es,
1076 1278 1112 1319 ne
1126 1267 1298 1319 contemnas
1313 1263 1471 1320 Dominum
1490 1264 1662 1335 :adoptatus
1680 1280 1721 1331 us,
1737 1263 1787 1320 sed
1807 1279 1865 1319 non

117 1348 194 1406 denti
204 1351 281 1406 euim
293 1354 327 1418 iu
337 1367 396 1407 euru
408 1354 455 1422 peti
460 1351 597 1423 justitient
607 1350 890 1424 impium,deputotur
903 1351 969 1423 fidet
1023 1352 1136 1409 meritis
1152 1352 1207 1408 tuis
1224 1369 1230 1420 ;
1247 1369 1345 1424 quaere
1355 1354 1417 1423 ejus
1432 1351 1567 1424 gloriam,
1584 1370 1601 1409 a
1616 1369 1672 1425 quo
1689 1352 1780 1408 hahes
1798 1352 1876 1408 hauc

117 1440 176 1510 ejus
190 1442 373 1509 adjustitiam
390 1443 478 1507 (Rom.
493 1458 530 1496 iv.
546 1442 586 1515 5).
602 1442 676 1508 Quid
699 1447 742 1497 est
765 1456 832 1513 crgo
851 1442 967 1498 credere
1022 1439 1157 1513 gratiam,
1174 1440 1261 1498 homo
1276 1442 1443 1514 adoptatus,
1455 1443 1538 1514 cujus
1548 1439 1671 1514 gloriam
1683 1441 1817 1514 quesivit
1827 1443 1877 1512 qui

117 1525 147 1582 in
162 1543 230 1584 eum
246 1529 259 1584 l
278 1529 426 1585 Credendo
450 1546 559 1597 amare,
584 1530 728 1587 credendo
752 1529 883 1602 diligere,
907 1547 968 1586 cre·
1023 1535 1068 1586 est
1081 1529 1172 1586 abillo
1184 1531 1287 1587 unicus
1305 1530 1464 1599 rainelini
1478 1531 1879 1602 cutemquaeritptoriumejus

118 1616 211 1672 dendo
228 1616 258 1673 in
273 1633 340 1673 eum
356 1619 408 1687 ire,
424 1620 526 1689 eteius
542 1618 682 1675 membris
697 1619 885 1691 incorporari.
901 1617 969 1689 lpse
1023 1620 1485 1691 puimieitilium,ticuet·nxett,et
1496 1621 1635 1690 iniustitia
1646 1623 1676 1678 in
1695 1622 1744 1677 itte
1761 1636 1815 1676 nott
1827 1629 1875 1676 est.

118 1710 239 1779 astorgo
256 1706 325 1763 tutes
337 1725 425 1775 quam
437 1710 472 1763 de
488 1707 573 1764 uobis
583 1708 672 1780 exigit
690 1709 782 1764 bens:
808 1712 837 1762 et
853 1723 911 1763 non
926 1707 969 1763 in·
1023 1711 1056 1764 ln
1067 1708 1246 1765 Antichristo
1261 1715 1360 1766 autem
1376 1709 1522 1781 injustitia
1536 1714 1590 1778 est,
1602 1715 1630 1765 et
1644 1726 1730 1767 verax
1741 1726 1799 1766 uon
1811 1715 1874 1777 est3

117 1796 285 1867 venitquod
301 1798 407 1869 exigat,
423 1797 479 1853 nisi
491 1797 640 1854 donaverit
655 1797 731 1868 quod
748 1797 887 1854 iuveniat.
900 1799 967 1865 Qua

92 1960 95 1966 Ι
118 1888 201 1956 ildes,
218 1890 273 1945 nisi
290 1906 378 1961 quam
395 1889 525 1945 delinivit
541 1890 598 1946 alio
614 1888 676 1946 loco
692 1889 845 1959 Apostolus
860 1888 968 1961 planis·

118 1976 193 2035 aime
207 1978 329 2034 dicens:
355 1979 444 2049 Neque
468 1977 638 2034 circumcisio
659 1977 766 2050 utipuid
794 1978 972 2050 deletaeque

1024 1799 1092 1869 qula
1107 1797 1230 1869 gloriam
1246 1815 1330 1855 suam
1348 1798 1524 1870 quaesiturus
1536 1803 1588 1867 est,
1606 1816 1664 1856 nou
1687 1800 1752 1871 ejus
1777 1816 1794 1855 a
1817 1815 1875 1871 quo

1024 1886 1132 1944 missus
1142 1891 1187 1943 est
1202 1906 1209 1943 :
1227 1903 1285 1943 non
1301 1887 1378 1943 enim
1393 1893 1437 1944 est
1448 1887 1567 1956 missus,
1584 1888 1633 1943 sed
1644 1887 1743 1944 venire
1754 1887 1876 1960 permis·

1024 1993 1087 2033 eus.
1104 1976 1211 2032 Omnes
1225 1993 1293 2049 ergo
1309 1977 1487 2049 pertinentes
1506 1978 1542 2034 ad
1568 1994 1674 2050 eorpus
1695 1977 1816 2045 Christi,
1840 1993 1877 2033 ne

116 2070 294 2138 preputium,
322 2067 368 2124 ead
391 2067 457 2139 fides
484 2082 547 2139 pum
573 2083 622 2139 per
649 2067 822 2124 ditectionem
844 2076 972 2139 operatur
1022 2065 1874 2138 inducamurinlaqueosttntichristi.neuqueramusglo·

63 2166 66 2171 '
116 2155 293 2227 (Calchid)
310 2156 396 2212 'iNon
414 2156 635 2228 qualiscumque
655 2158 737 2223 fides,
753 2158 801 2213 aed
820 2157 885 2226 fides
909 2171 972 2228 puae

1025 2155 1096 2212 rium
1112 2161 1251 2211 nostram.
1270 2155 1324 2210 Sed
1337 2156 1361 2211 si
1373 2155 1422 2212 ille
1441 2157 1575 2228 quesivit
1590 2155 1709 2229 gloriam
1735 2158 1800 2228 eius
1824 2155 1877 2227 qui

115 2245 348 2318 perdilectionem
363 2254 511 2318 operatur:
525 2247 624 2302 hucin
640 2247 727 2315 lesit,
743 2252 771 2302 et
782 2247 926 2319 intelliges
936 2248 972 2304 de
1023 2260 1090 2301 eum
1106 2244 1195 2313 misit,
1213 2250 1320 2317 quanto
1335 2245 1430 2317 magis
1443 2262 1496 2301 uos
1510 2246 1575 2317 etus
1590 2247 1637 2319 qui
1654 2263 1706 2303 nos
1722 2246 1816 2303 lecit?

118 2334 258 2391 doctriua.
271 2338 345 2403 Ouid
358 2338 435 2393 onim
449 2336 616 2405 intelliges?
631 2336 837 2404 Quindectrino
849 2337 907 2393 ista
916 2352 972 2394 uon

118 2432 238 2493 crimen,
254 2425 298 2482 scd
312 2427 428 2497 ejusqui
442 2428 507 2480 insit
532 2442 574 2480 me
589 2445 598 2480 .·
613 2426 640 2482 id
652 2427 711 2495 est,
735 2426 879 2499 intelliges
904 2427 972 2498 qula

119 2512 251 2573 Christus
266 2515 356 2571 h'dius
368 2514 429 2583 Dei,
443 2515 493 2587 qui
509 2522 554 2571 est
568 2514 701 2573 doctrine
716 2515 821 2584 Patris,
851 2532 908 2572 non
929 2527 972 2574 est

119 2620 153 2662 ex
167 2603 272 2674 seipso,
284 2605 332 2660 sed
349 2605 439 2660 Filius
454 2610 498 2660 est
508 2605 614 2661 Patris.

154 2695 182 2748 7.
207 2692 401 2749 sabellianam
427 2694 560 2750 haeresim
586 2693 731 2751 sententia
750 2694 807 2750 ista
827 2693 972 2751 dissolvit.

17 2792 20 2797 ’
121 2781 276 2838 Sabelliani
294 2781 372 2837 enim
388 2782 482 2838 dicere
497 2781 560 2838 ausi
576 2786 646 2838 suut
669 2783 765 2856 ipsum
782 2799 844 2839 esse
867 2783 972 2839 Filium

63 2902 67 2911 ·
120 2874 170 2943 qui
186 2874 229 2927 est
244 2872 366 2927 etPater
378 2888 385 2940 ;
397 2873 455 2929 duo
466 2888 530 2929 esse
546 2875 674 2942 uomina,
692 2874 743 2930 sed
756 2890 842 2931 unum
854 2892 926 2932 rem.
942 2861 971 2930 Si

119 2961 285 3017 duoessent
301 2961 430 3031 nomina,
446 2966 475 3018 et
490 2977 535 3018 ras
562 2979 630 3031 una,
656 2980 714 3020 non
737 2964 892 3036 diceretur,
915 2964 971 3022 deu

119 3049 247 3106 doctrine
264 3067 316 3107 eron
332 3057 372 3106 est
388 3067 457 3110 rnen.
472 3051 579 3126 Utique
597 3055 621 3109 si
638 3059 687 3109 tua
710 3055 841 3110 doctrina
856 3073 912 3112 uon
929 3062 973 3112 est

17 3200 21 3207 ,
120 3145 182 3209 tua,
198 3157 214 3196 o
229 3139 362 3205 Domine,
374 3143 518 3213 colasset,
530 3143 971 3215 niciatiussiteujussit‘lOuod

120 3228 230 3296 dixisti,
241 3228 399 3286 Sabelliani
415 3247 471 3287 non
488 3232 665 3305 iuteltgunt:
689 3250 746 3291 non
770 3234 847 3290 enim
876 3234 971 3290 Trini-

120 3321 208 3375 tatem
219 3318 360 3385 viderunt,
373 3319 423 3375 sed
440 3320 486 3376 sui
502 3320 599 3377 cardis
619 3338 746 3379 errorem
772 3324 865 3379 secuti
889 3327 969 3380 sunt.

119 3410 178 3463 ties
193 3408 318 3464 cultores
332 3408 486 3466 Trinitatis
502 3416 530 3467 et
542 3412 662 3468 unitatis
686 3413 778 3468 Patris
798 3418 827 3469 et
851 3412 916 3469 Filii
945 3419 973 3470 et

119 3496 247 3568 Spiritus
260 3498 363 3566 sancti,
375 3499 500 3555 etunius
512 3499 973 3573 Dei,intelligamusdedootriua

119 3586 238 3656 Christi,
255 3589 393 3658 quoniam
411 3606 468 3644 nou
479 3595 524 3646 est
535 3592 598 3662 ejus
616 3594 635 3646 ¹.
651 3591 685 3646 dt
700 3591 764 3647 ideo
780 3592 853 3647 dixit
872 3608 929 3648 non
941 3610 971 3650 se

119 3693 136 3730 a
150 3675 245 3748 seipso
256 3675 348 3747 loqui,
358 3677 498 3748 quoniam
513 3677 649 3735 Christus
660 3678 757 3735 Detris
773 3685 816 3736 eat
829 3679 929 3749 Filius,
942 3688 970 3739 et

119 3764 207 3821 nater
221 3765 328 3821 Christi
344 3772 387 3821 est
406 3766 501 3832 Fater,
515 3771 544 3822 et
561 3767 653 3823 Pilius
669 3769 706 3825 de
720 3767 779 3825 Deo
790 3769 872 3826 Patre
896 3776 971 3827 Peus

120 3858 165 3910 est
181 3870 188 3908 :
206 3852 289 3908 Pater
302 3860 397 3910 autem
417 3856 501 3920 Deus,
515 3874 570 3912 non
582 3858 617 3913 de
637 3857 707 3914 Filio
724 3857 781 3914 Deo
792 3858 867 3914 Deus
881 3866 935 3919 est.

155 3942 183 3994 8·
196 3942 246 4008 Qui
259 3944 562 4016 eremetipsolopuitur,
571 3944 693 4015 pluriam
702 3950 845 4018 proprium
856 3952 971 4021 puerit.

120 4028 972 4106 Hoceritiltequivoanturttntiehristns,extoltenese,sio·

122 4123 154 4174 ut
168 4119 325 4190 Apostolus
342 4124 391 4189 nit,
415 4138 499 4193 supra
521 4139 602 4179 enine
624 4127 695 4195 quod
718 4126 821 4182 dicitur
844 4130 925 4198 Deus,
946 4137 973 4185 et

121 4212 197 4280 quod
211 4209 352 4281 coliturttl
365 4212 492 4281 Theseu,
508 4212 544 4283 t).
556 4213 655 4285 lpsum
673 4215 779 4287 quippe
796 4220 972 4276 annuntians

13 4296 16 4301 '
121 4297 391 4371 bominusgtoriam
402 4317 486 4358 suam
497 4304 702 4374 quantarum,
717 4321 773 4361 non
787 4305 908 4379 gloriam
919 4315 973 4365 Pa·

123 4389 236 4457 trienii,
248 4392 282 4447 ad
298 4390 313 4446 J
318 4392 415 4447 udaeoe
431 4410 437 4446 :
455 4393 625 4460 nannenten
641 4396 856 4453 uominePatrt's
866 4401 932 4465 mei,
948 4406 974 4456 et

120 4495 175 4535 non
188 4483 343 4552 suscepistis
368 4482 533 4538 mamlius
552 4485 632 4539 veliet
643 4487 673 4540 in
692 4487 805 4542 nomine
818 4501 878 4556 sue,
901 4488 974 4544 dunc

119 4569 275 4641 suscipietis
291 4572 379 4641 (teon.
393 4588 420 4638 v,
437 4571 493 4642 13).
510 4572 690 4644 Significavit
700 4576 973 4634 eoshntiehristum

121 4662 319 4729 suscepturos,
335 4660 385 4729 qui
401 4661 662 4732 gloriamnominis
677 4663 722 4719 sui
734 4666 909 4736 quaesiturus
919 4673 972 4734 est,

122 4748 250 4816 indiciue,
268 4766 325 4804 non
337 4750 468 4817 solidus;
486 4761 513 4806 et
524 4752 653 4810 ideonon
665 4754 789 4822 stabitis,
806 4759 855 4813 sed
872 4758 973 4829 utique

122 4834 269 4891 ruinosus.
287 4836 428 4891 Serninus
443 4847 538 4893 autem
555 4846 653 4895 noster
667 4844 753 4897 iesus
766 4842 898 4899 Christus
914 4861 973 4900 ma·

121 4943 210 5000 gnum
227 4925 391 4998 exemptum
409 4927 493 4982 nobis
509 4928 632 4998 praebuit
647 4929 843 4987 humilitatis:
869 4949 973 5006 nempe

121 5015 243 5089 aqualis
258 5020 302 5071 est
317 5014 407 5080 Patri,
418 5032 523 5084 nempe
537 5016 568 5071 in
577 5020 716 5090 principio
734 5020 821 5088 l'erot,
832 5022 938 5089 erbum,
948 5032 972 5079 et

124 5107 237 5165 Verbum
251 5110 311 5163 erut
321 5104 394 5178 opud
410 5106 494 5161 Derim
509 5111 534 5163 et
549 5107 618 5163 Deus
633 5115 693 5164 ernt
712 5109 830 5166 Ventrem
842 5129 855 5178 ,·
869 5129 973 5186 nempe

121 5200 182 5269 lpse
198 5197 280 5266 dixit,
290 5204 317 5251 et
333 5196 482 5251 verissime
498 5196 579 5265 dixit,
596 5197 680 5254 Tanto
693 5208 814 5271 tempere
839 5202 975 5259 enimcum

121 5301 193 5353 sam,
214 5290 239 5341 et
251 5302 305 5343 noir
320 5285 498 5354 supposuistis
520 5292 584 5342 me?
601 5287 737 5359 Ptttippe,
754 5290 803 5359 pui
826 5290 894 5346 uidit
920 5308 974 5360 me,

124 5373 227 5429 viditet
241 5376 353 5429 Patrem
366 5375 417 5444 (td.
428 5391 486 5442 xiv,
501 5375 545 5446 9);
561 5392 665 5448 nempe
676 5378 738 5450 ipse
748 5378 832 5444 dixit,
846 5389 870 5433 et
883 5382 973 5435 veris·

123 5460 196 5516 sime
212 5461 294 5526 dixit,
310 5464 364 5533 Epo
378 5470 404 5518 et
418 5470 602 5520 Paterninum
627 5483 720 5522 sumus
744 5467 796 5537 (ld.
813 5485 840 5533 x,
865 5468 920 5540 30).
945 5469 975 5526 Si

123 5563 191 5619 ergo
206 5547 254 5603 itte
269 5565 334 5604 eum
358 5555 438 5608 i‘atrs
463 5570 565 5625 unum,
597 5557 815 5627 squallebant,
842 5557 917 5614 Deus
939 5561 976 5617 de

155 5668 164 5703 ¹
178 5662 258 5712 Juxta
272 5662 315 5712 Er.
332 5664 414 5727 bugd.
425 5666 494 5716 Van.
506 5671 579 5724 tor..
595 5671 720 5735 quomedo
734 5685 784 5723 nen
800 5676 839 5722 ert
853 5675 918 5737 ejus.
940 5676 964 5725 11

1287 2351 1500 2411 'FRACTATUS
1520 2353 1600 2410 XXX

1026 2460 1068 2516 At
1078 2475 1110 2518 ee
1120 2460 1186 2527 ineo,
1201 2458 1302 2516 Nonne
1312 2460 1425 2530 Moyses
1435 2460 1515 2517 dedit
1528 2461 1609 2517 robis
1621 2461 1736 2531 Legem,
1752 2468 1782 2518 et
1793 2480 1880 2520 nemo

1062 2566 1097 2605 ex
1110 2550 1192 2608 vobis
1208 2549 1275 2606 lacit
1292 2550 1394 2622 legem
1406 2550 1420 2605 ‘l
1433 2567 1518 2623 esque
1531 2552 1566 2607 nd
1587 2551 1626 2618 id,
1639 2551 1732 2608 Nolite
1742 2552 1879 2623 judicare

1062 2640 1222 2696 secundum
1240 2639 1354 2706 taciem,
1379 2641 1429 2696 sed
1438 2641 1551 2711 justum
1572 2641 1720 2713 judicium
1737 2643 1878 2713 judicate.

1062 2729 1127 2801 Cup.
1141 2745 1190 2797 vn,
1206 2731 1233 2800 i.
1255 2728 1347 2784 19-24.

1062 2838 1088 2892 1.
1100 2836 1245 2909 Evangelii
1260 2839 1354 2894 sancti
1367 2837 1533 2907 lectionem,
1546 2839 1582 2894 de
1597 2854 1655 2910 que
1670 2837 1781 2911 pridem
1803 2838 1881 2895 Cha·

1027 2926 1107 2982 ritati
1122 2933 1223 2983 vestra
1239 2926 1326 2983 locuti
1342 2944 1456 2997 sumus,
1472 2927 1529 2983 ista
1544 2944 1607 2999 que
1623 2928 1710 2984 modo
1724 2928 1798 2985 lecta
1821 2935 1879 2996 est,

1027 3015 1371 3088 hodiernacnnseqnitur.
1381 3018 1712 3090 Dominumtoquentem
1721 3018 1885 3076 audiebant

1026 3104 1200 3177 etdiscipuli
1211 3105 1340 3162 attudei
1351 3125 1359 3175 3
1371 3106 1518 3162 veritatem
1531 3106 1882 3178 toquentemaudiehant,

1025 3205 1052 3252 et
1066 3211 1181 3253 veraces
1195 3196 1385 3252 etmendaces
1396 3215 1404 3264 ;
1417 3195 1589 3253 charitatem
1605 3196 1881 3270 loquentemaudie·

1026 3284 1098 3340 hant
1111 3282 1231 3339 etamici
1246 3283 1406 3351 etinimiei;
1418 3284 1526 3341 bonum
1538 3284 1706 3356 loquentem
1717 3285 1880 3342 audiebant

1026 3376 1054 3428 et
1063 3371 1131 3428 boni
1145 3376 1174 3427 et
1187 3371 1265 3428 mali.
1281 3371 1325 3428 llti
1336 3371 1504 3438 audiebant,
1517 3373 1567 3428 sed
1584 3370 1840 3443 illediscernebat;
1851 3379 1883 3430 et

1026 3463 1135 3537 quibus
1151 3479 1247 3519 sermo
1261 3465 1414 3536 prodesset
1428 3471 1456 3520 ot
1469 3465 1641 3535 prolaturus
1660 3467 1882 3534 esset,videhat

1027 3560 1055 3609 et
1070 3554 1253 3625 previdebat.
1269 3555 1300 3610 ln
1318 3554 1376 3610 illis
1390 3554 1467 3612 euim
1488 3556 1538 3627 qui
1555 3560 1623 3612 tune
1646 3561 1730 3612 arant
1750 3557 1883 3627 videbat,

1026 3644 1056 3699 in
1073 3644 1157 3699 uobis
1170 3644 1217 3713 qui
1235 3645 1326 3700 luturi
1340 3659 1457 3701 eramus
1470 3638 1719 3716 praevidebatNus
1729 3646 1880 3719 itaquesio

1027 3733 1391 3806 audiamusEvangetium,
1413 3735 1497 3800 quasi
1518 3740 1689 3807 presentem
1711 3734 1881 3793 Dominus:

1027 3840 1079 3881 uec
1095 3823 1239 3889 dicamus,
1253 3822 1329 3879 utili
1342 3822 1439 3880 leliees
1451 3823 1501 3895 qui
1517 3824 1690 3880 eumvidere
1706 3824 1880 3895 potueruntl

1027 3913 1097 3985 quia
1108 3911 1191 3968 multi
1207 3913 1236 3967 in
1252 3912 1294 3967 eis
1310 3912 1514 3983 quividerunt,
1529 3923 1556 3969 et
1575 3913 1768 3982 oeciderunt;
1795 3914 1882 3971 multi

1026 4011 1124 4063 autem
1134 4006 1164 4060 in
1176 4005 1260 4061 nohis
1272 4005 1320 4076 qui
1333 4022 1389 4060 non
1401 4005 1545 4072 viderunt,
1557 4010 1585 4060 et
1595 4005 1881 4075 eredideruntouod

1027 4094 1104 4151 enim
1128 4094 1422 4166 pretiosumsonabat
1442 4096 1476 4150 de
1496 4111 1546 4151 ore
1563 4094 1689 4162 Domini,
1708 4100 1738 4151 et
1762 4104 1885 4169 propter

1029 4200 1081 4242 uos
1106 4183 1246 4253 seriptum
1274 4188 1328 4250 est,
1357 4189 1386 4240 et
1419 4184 1504 4239 nobie
1532 4190 1690 4253 seruatum,
1715 4188 1744 4240 et
1767 4194 1885 4256 propter

1028 4290 1081 4330 nos
1096 4272 1250 4329 recitatum
1262 4272 1283 4340 ¹,
1295 4277 1322 4327 et
1334 4272 1503 4328 recitabitur
1517 4272 1605 4329 etiam
1618 4279 1733 4345 propter
1749 4284 1884 4345 posterna

1029 4367 1152 4431 nostros,
1165 4362 1295 4418 etdonec
1311 4361 1450 4417 secutum
1473 4361 1603 4418 liniatur.
1621 4362 1802 4419 Sursumest
1822 4368 1884 4418 Do-

1028 4451 1207 4508 minuszscd
1224 4451 1311 4507 etism
1333 4450 1380 4506 hic
1404 4454 1433 4507 et
1456 4452 1563 4507 veritas
1588 4450 1744 4508 Dominus.
1768 4452 1883 4522 Corpus

1027 4541 1106 4596 enim
1118 4540 1233 4595 Domini
1248 4541 1258 4574 ¹
1273 4540 1302 4595 in
1319 4556 1376 4611 quo
1392 4541 1559 4604 resurrexit.
1577 4557 1634 4596 nuo
1657 4542 1719 4596 loeo
1738 4556 1803 4597 esee
1826 4558 1883 4613 po·

1029 4635 1085 4687 teat
1101 4646 1108 4683 :
1122 4630 1227 4685 veritas
1242 4631 1307 4700 ejus
1322 4628 1433 4701 ubique
1447 4629 1555 4685 dilluea
1568 4636 1623 4685 est.
1640 4628 1797 4686 Dominum
1811 4646 1882 4703 ergo

1028 4721 1192 4781 audiamus,
1213 4722 1241 4774 et
1256 4720 1331 4789 quod
1348 4720 1410 4792 ipse
1425 4720 1577 4775 donaverit
1589 4720 1626 4776 de
1641 4719 1738 4778 rerbis
1753 4721 1829 4792 ejus,
1856 4726 1887 4778 et

1028 4824 1081 4864 nos
1096 4808 1241 4863 dieamus.

1062 4899 1089 4952 2.
1106 4898 1201 4954 donne
1213 4902 1326 4969 Moyses,
1341 4898 1447 4970 inquit,
1464 4898 1538 4954 dedit
1555 4897 1628 4955 votis
1639 4901 1748 4968 tenera,
1762 4906 1789 4955 et
1803 4916 1885 4957 nemo

1027 5006 1062 5046 ec
1076 4988 1150 5044 uobis
1164 4990 1232 5057 lucit
1243 4989 1337 5059 tepem
1348 4989 1363 5040 t
1368 4989 1438 5056 Quid
1445 5004 1487 5045 me
1496 4991 1622 5061 quaeritis
1633 4990 1883 5060 interficerelldeu

1028 5075 1107 5132 enim
1123 5074 1253 5147 queritis
1270 5091 1315 5130 me
1336 5075 1509 5144 interlicere,
1527 5079 1598 5149 quia
1626 5094 1712 5135 nemo
1739 5093 1775 5133 ea
1798 5080 1885 5135 robis

1061 5242 1123 5292 ¹Er.
1140 5240 1223 5293 Lutrd.
1241 5244 1266 5291 et
1283 5239 1352 5292 Vsa.
1369 5240 1468 5299 lerunt,
1484 5243 1623 5293 recitetur.
1652 5242 1686 5291 hi.

1060 5304 1072 5338 ²
1083 5304 1209 5353 Nonnulli
1221 5303 1325 5353 codices
1341 5304 1604 5361 omittunt,Demiui:
1617 5310 1644 5355 at
1652 5308 1746 5368 postea
1756 5306 1783 5355 iu
1793 5306 1887 5357 verbis

1029 5365 1095 5424 istis,
1111 5381 1164 5415 unc
1180 5367 1235 5414 loce
1249 5379 1301 5413 cese
1317 5370 1410 5425 potest,
1424 5367 1488 5416 editi
1504 5372 1531 5416 et
1550 5367 1610 5416 bles.
1627 5380 1695 5437 quoe
1709 5368 1884 5419 considerare

1029 5430 1107 5479 nobie
1125 5428 1209 5484 licuit,
1226 5441 1319 5477 omues
1334 5431 1517 5480 conveniunt:
1535 5434 1640 5480 temetsi
1655 5431 1701 5479 lvo
1717 5430 1801 5488 Deer..
1814 5446 1841 5493 p.
1857 5432 1883 5489 2,

1029 5505 1052 5539 c.
1067 5490 1098 5551 8·,
1113 5488 1265 5546 Gratianus,
1281 5490 1445 5540 deCousaer.
1457 5492 1551 5548 disti.
1563 5508 1585 5542 e.
1596 5493 1683 5540 misna
1699 5492 1805 5556 quidem
1817 5493 1887 5545 ‚dla-

1030 5554 1145 5613 pruteni
1158 5552 1242 5610 Seni..
1254 5552 1315 5601 diet.
1325 5552 1365 5611 10,
1373 5553 1410 5603 el
1424 5568 1430 5612 ;
1442 5560 1555 5618 postque
1565 5554 1885 5617 itlos'lhomasdquiuas,

1028 5613 1177 5726 Spq‘qiiS,
1187 5628 1211 5665 a.
1224 5613 1246 5673 l,
1258 5615 1295 5663 sio
1304 5617 1466 5666 sententiam
1477 5616 1547 5666 hanc
1558 5616 1682 5674 referant,
1693 5630 1745 5666 urae
1760 5617 1816 5667 loeo
1830 5634 1888 5668 erse

1030 5690 1093 5741 opor
1106 5690 1120 5723 e
1133 5712 1139 5725 .
