3952 6150
113 118 183 181 atta
485 118 688 177 anuouttto
709 120 754 176 DE
773 118 920 186 SUBSEQ.
940 116 1103 174 exposit.
1123 116 1159 172 IN
1179 115 1448 174 apocatrestu.
1758 113 1822 173 Elii

111 249 174 305 sius
188 251 219 304 et
232 246 321 313 Beda,
341 244 437 304 nudas
447 244 701 318 interpretationes
715 243 874 316 decerpere
886 246 1043 300 contentus
1073 240 1172 298 luerit.
1197 240 1387 313 Quapropter
1399 238 1647 299 Lovaniensibus
1663 237 1821 309 'theologis

115 336 328 393 meritorisnm
341 340 387 392 est
400 335 458 392 hoc
471 350 549 408 opus
565 332 638 388 nihil
653 347 717 388 essa
734 337 840 402 prester
853 330 1061 387 annotationes
1077 328 1204 400 alicujus
1219 328 1319 386 studio
1328 327 1478 396 collectas,
1496 332 1668 402 posteaque
1683 327 1715 382 in
1727 327 1822 383 tlotni-

114 424 224 482 liarum
237 425 366 482 formum
383 424 529 480 redactas.
547 421 678 478 Porroin
695 419 896 476 vetustissimo
910 418 1046 476 Abbatiae
1058 420 1086 475 S.
1106 419 1180 474 Petri
1200 418 1391 475 Cartunensis
1407 417 1509 475 codice
1527 414 1662 474 Humilia
1678 420 1711 472 te
1727 416 1820 472 verbis

115 513 300 587 quibusdam
313 513 422 569 additis
437 509 580 567 dividitur
590 509 621 565 in
631 509 709 565 duas
725 526 733 565 ε
747 506 1044 580 praeterquamquod
1058 506 1183 564 llomilia
1195 512 1207 563 t
1218 522 1279 563 non
1291 506 1373 563 idem
1386 507 1471 580 quod
1487 506 1625 563 ineditis
1641 505 1736 562 hebet
1746 519 1825 562 exor-

116 601 202 658 dium
214 603 268 658 sed
281 599 444 673 aliqnando
460 598 611 655 diversum
625 597 682 654 sub
696 598 779 655 hisce
795 596 916 653 verbis:

152 710 167 742 «
182 691 224 746 Ea
238 705 307 762 quae
318 690 348 744 in
364 686 547 760 Apocalypsi
558 685 654 743 sancti
667 687 791 744 loannis
806 686 1005 756 eontinentur,
1017 683 1123 741 iratres
1137 683 1316 751 charissimi,
1331 682 1486 756 aliquibus
1499 698 1535 741 ex
1545 682 1685 756 antiquis
1695 683 1824 739 Patribus

116 779 173 836 hoc
188 778 288 834 visum
303 782 356 841 ast,
372 775 455 848 quod
468 780 521 833 aut
536 779 608 841 tota,
622 781 673 832 aut
687 780 767 831 certe
783 773 918 831 maxima
937 788 1007 845 pars
1020 789 1057 831 ex
1071 773 1137 844 ipsa
1150 772 1285 840 lectione,
1298 771 1378 830 diem
1390 772 1508 844 judicii,
1525 772 1572 829 ret
1590 771 1763 828 adrentum
1773 774 1824 828 ltn-

118 865 241 924 tichristi
257 864 420 935 significari
438 865 581 921 videatur.
599 861 642 918 llli
658 868 759 920 autem
778 862 832 934 qni
853 861 1025 931 diligentius
1040 864 1253 926 tractaverunt,
1265 861 1349 935 quod
1374 877 1410 918 en
1424 878 1493 934 quae
1507 862 1539 918 in
1559 861 1632 933 ipsa
1641 859 1821 917 revelatione

117 953 314 1018 continentur,
327 952 426 1009 statim
451 957 520 1024 post
543 951 721 1009 Passionem
746 949 863 1006 Domini
879 948 1038 1008 salvatoris
1053 950 1147 1006 nostri
1175 947 1297 1006 luerunt
1324 950 1476 1019 inchoata,
1492 955 1520 1007 et
1534 950 1576 1006 ita
1592 953 1668 1005 sunt
1682 948 1825 1022 usquead

115 1041 302 1111 diemjudrcii
316 1041 570 1106 consummanda,
585 1043 617 1096 ut
625 1054 720 1113 parra
735 1037 832 1112 portio
843 1037 1203 1110 temporibusantienristt
1215 1053 1371 1096 remanere
1385 1040 1519 1096 rideatur
1532 1054 1540 1094 :
1552 1046 1581 1095 et
1591 1037 1665 1095 ideo
1682 1037 1825 1111 quidquid

116 1129 148 1185 in
160 1129 227 1203 ipsa
240 1129 367 1186 lectione
380 1130 496 1186 recitari
510 1128 664 1187 audieritis
678 1127 737 1184 sive
764 1126 870 1182 Filium
889 1126 1031 1193 hominis,
1043 1126 1105 1184 siva
1119 1125 1230 1191 stellas,
1246 1126 1309 1183 sive
1321 1126 1463 1197 Angelos,
1478 1126 1753 1192 sivecandelabra,
1769 1129 1824 1183 sire

116 1222 247 1292 quatuor
259 1218 411 1283 animalia,
424 1218 487 1273 sive
498 1218 632 1291 aquilam
651 1216 682 1272 in
702 1215 802 1273 medio
814 1216 890 1271 coelo
918 1215 1082 1283 solantem,
1097 1221 1126 1271 et
1140 1215 1256 1286 reliqua
1266 1218 1372 1273 omnia
1386 1218 1416 1273 in
1432 1217 1549 1274 Christo
1560 1215 1740 1287 intelligite,
1752 1220 1781 1271 et
1799 1217 1826 1271 in

117 1306 251 1363 Ecclesia
265 1306 339 1372 lieri,
355 1306 441 1362 salin
459 1312 531 1379 typo
546 1306 612 1378 ejus
624 1303 766 1378 praedicta
781 1320 845 1360 asse
865 1304 1049 1373 cognoscite.
1065 1304 1099 1359 ln
1125 1308 1241 1376 septem
1271 1303 1410 1360 Ecclesiis
1421 1305 1534 1376 quibus
1561 1303 1829 1359 sanctustoannes

117 1394 304 1465 evangelista
318 1395 477 1466 scripsitin
497 1395 575 1463 asia,
600 1393 773 1463 intelligitur
799 1408 859 1449 una
874 1392 1007 1449 Ecclesia
1019 1391 1167 1449 catholica
1180 1397 1301 1465 propter
1316 1392 1522 1464 septilormem
1543 1391 1695 1465 Spiritum
1717 1392 1826 1461 gratiae.

117 1483 204 1556 Quod
222 1482 418 1548 autemdicit,
438 1483 523 1538 Testis
536 1482 637 1551 fidelis,
651 1482 782 1538 Christus
796 1486 850 1545 est,
866 1481 918 1554 qui
938 1481 1141 1537 testimonium
1155 1480 1286 1537 reddidit
1300 1482 1356 1537 snb
1376 1482 1481 1538 Pontio
1496 1480 1605 1539 Pilato.
1621 1480 1714 1543 Fecit,
1728 1479 1828 1553 inquit,

118 1586 170 1627 aas
183 1586 297 1641 reanum
315 1577 342 1625 et
355 1570 503 1625 sacerdotes
524 1570 603 1627 Deo:
622 1569 792 1626 sacerdotes
809 1570 867 1625 Deo
884 1573 977 1625 totam
992 1568 1153 1625 Ecclesiam
1169 1567 1242 1624 dicit
1262 1567 1362 1636 ;sieut
1386 1569 1427 1626 nit
1441 1572 1470 1626 S.
1484 1572 1588 1625 Petrus
1610 1591 1617 1622 :
1640 1568 1708 1631 Vos,
1730 1567 1830 1640 inquit,

117 1675 200 1730 panus
212 1659 334 1724 ebatum,
345 1660 434 1729 regate
448 1658 629 1713 sacerdotium
645 1659 667 1729 (l
680 1659 758 1714 Petr.
781 1673 811 1723 ιι,
827 1659 865 1726 9).
886 1658 924 1712 Et
944 1655 1011 1724 nidi,
1020 1657 1126 1731 inquit,
1138 1662 1235 1728 septem
1248 1657 1415 1714 candelabra
1430 1673 1533 1713 aurea:
1547 1657 1579 1714 in
1595 1662 1720 1728 septem
1731 1656 1830 1712 eande-

118 1746 212 1804 labris
224 1746 353 1804 Ecclesia
361 1752 415 1803 cst.
428 1747 467 1803 Et
478 1748 508 1802 ia
522 1747 612 1803 medio
623 1746 847 1803 mudelulrarum
861 1746 977 1802 similem
988 1746 1063 1802 Filio
1078 1745 1195 1802 dominis
1207 1746 1302 1819 (Aper.
1318 1762 1338 1814 r,
1353 1751 1379 1813 ὅ,
1401 1752 1427 1819 6,
1441 1747 1487 1816 ts,
1503 1746 1558 1819 ta),
1573 1744 1662 1803 idest
1675 1745 1832 1803 Christum.

123 1836 188 1891 Sive
200 1840 300 1893 autem
316 1836 405 1893 Filius
419 1835 562 1901 Hominis,
578 1836 640 1893 sive
651 1841 766 1909 septem
782 1835 975 1902 candelabra,
991 1856 1006 1887 s
1023 1839 1079 1892 etc.

709 2083 1245 2232 EXPOSITIO

298 2302 402 2422 ru
444 2299 1090 2425 nrocansrssns
1144 2304 1221 2431 a.
1265 2299 1693 2432 nonanus.

811 2497 1134 2530 ——00000—

450 2637 566 2677 ιιοιιιιιι
581 2637 590 2677 ι
604 2623 624 2676 ¹.
1009 2620 1249 2692 praecedentibus
1264 2618 1376 2676 meritis
1391 2618 1480 2676 venit.
1497 2618 1556 2691 tpsi
1570 2620 1656 2676 enirn
1679 2621 1736 2693 qni
1755 2621 1838 2695 bapti

158 2693 258 2767 [aroc.
285 2709 344 2764 cap.
374 2694 406 2760 ι.]
436 2695 469 2747 ln
498 2691 627 2748 lectione
652 2691 843 2748 revelationis
873 2690 956 2747 beati
1007 2691 1473 2764 nentur,ternsstemsunt‚qnee
1486 2690 1840 2763 quotidieadinstarni·

126 2766 252 2822 loannis
275 2762 413 2835 apostoli,
429 2762 534 2818 tratres
550 2762 726 2826 charissimi,
743 2762 957 2819 animadverti·
1009 2763 1053 2819 vis
1065 2763 1102 2818 de
1115 2763 1190 2819 coelo
1211 2761 1374 2818 deseendit.
1400 2761 1577 2827 Jerusalem,
1594 2761 1691 2820 idest
1715 2765 1839 2820 Ecclesia

125 2853 208 2900 mus,
219 2841 248 2891 et
261 2833 428 2890 secundum
438 2847 596 2902 anagogen
606 2833 798 2889 hoellomino
812 2832 956 2903 largiente
1008 2834 1076 2890 idco
1092 2835 1130 2890 de
1141 2833 1217 2892 coelo
1231 2832 1413 2889 descendere
1427 2832 1544 2897 dicitur,
1559 2833 1692 2905 quiade
1712 2835 1788 2891 creto
1800 2842 1839 2892 est

124 2906 289 2978 explanare
312 2903 498 2969 curabimus,
513 2905 586 2975 quia
600 2903 742 2960 revelatio
765 2903 835 2959 lesu
851 2906 956 2961 Christi
1008 2905 1115 2974 gratia,
1127 2920 1280 2977 perquam
1291 2909 1347 2960 eta
1361 2903 1492 2975 peccatis
1504 2902 1665 2971 liberatur,
1676 2911 1708 2961 et
1719 2906 1836 2970 Christo,

124 2977 237 3034 nostris
257 2974 383 3031 auribus
397 2974 550 3046 panditur,
568 2980 600 3030 ut
615 2991 728 3031 areana
742 2975 872 3031 coelcstiu
887 2992 956 3031 nos·
1008 2976 1091 3031 idest
1102 2982 1213 3032 aeterno
1226 2975 1316 3046 capiti
1329 2990 1442 3047 sponso
1457 2974 1568 3031 coelesti
1584 2975 1794 3049 conjungitur.
1804 2978 1838 3034 Si-

124 3047 178 3104 tris
185 3045 572 3102 cordibusmanitestentur.
584 3045 833 3118 Apoealypsislesu
840 3046 955 3112 Christi,
1008 3053 1081 3103 cute
1094 3047 1243 3104 contrario
1253 3045 1349 3102 bestia
1361 3045 1399 3100 de
1418 3045 1532 3116 abysso
1543 3047 1716 3103 ascendere
1727 3049 1836 3112 dicitnr,

124 3135 205 3190 quam
218 3117 290 3172 dedit
306 3117 353 3173 ilii
367 3116 438 3171 Deus
456 3115 547 3187 palam
570 3117 659 3185 [acere
672 3120 757 3172 seroie
775 3120 842 3183 suis,
867 3118 895 3172 id
911 3122 956 3173 est
1008 3118 1038 3173 id
1054 3124 1108 3183 est,
1128 3116 1259 3190 populus
1277 3116 1373 3173 malus
1386 3116 1438 3188 qui
1454 3132 1490 3171 ex
1515 3116 1633 3188 populo
1648 3119 1736 3174 malo
1749 3121 1837 3175 nasci·

124 3189 326 3247 manifestare.
343 3188 408 3254 Qaae
422 3195 526 3258 oportet
540 3187 601 3258 fieri
618 3189 671 3244 cito
691 3188 848 3260 clarificans
871 3187 954 3245 :hoe
1010 3194 1064 3245 tur.
1085 3191 1160 3245 Nam
1175 3190 1251 3245 sicut
1271 3187 1435 3243 Jerusalem
1454 3187 1609 3244 humiliter
1627 3189 1836 3246 descendendo

125 3267 170 3317 est
182 3259 354 3317 ostendeus.
371 3258 452 3314 Seruo
463 3259 642 3314 suainicam'
655 3277 662 3314 :
677 3260 819 3326 loannes,
832 3260 879 3314 [lei
889 3273 955 3328 gra·
1008 3260 1164 3324 exaltatur,
1174 3259 1215 3315 ita
1228 3259 1332 3325 bestia,
1348 3259 1377 3314 id
1392 3258 1577 3330 estpopulus
1592 3260 1752 3330 superbus
1766 3278 1836 3317 arro

125 3333 167 3389 tia
181 3330 393 3402 interpretatur
406 3329 529 3385 Scribens
551 3337 649 3400 septem
663 3330 804 3394 Ecclesie's,
818 3346 876 3401 ques
891 3336 955 3386 saut
1007 3338 1112 3398 gauter
1138 3329 1329 3386 ascendendo
1351 3329 1565 3456 Broeeipitatur.
1584 3330 1669 3386 Orati
1694 3333 1752 3404 ejas
1773 3333 1835 3389 artat

126 3402 245 3458 iaAsia.
260 3402 330 3456 Asia
346 3400 438 3457 Elatia
452 3400 671 3471 interpretatur,
687 3416 844 3472 perquam
859 3416 955 3470 genus
1006 3402 1224 3472 flairimas'quis:
1249 3401 1390 3456 inocu‘s
1431 3407 1560 3471 raecepta
1577 3403 1629 3456 llei
1651 3402 1832 3469 dicit;sicut

126 3473 295 3530 humanum
311 3472 467 3541 figuratur.
482 3471 549 3527 letae
565 3477 678 3544 septem
695 3471 828 3527 Ecclesiae
841 3478 869 3528 et
889 3488 956 3542 sep-
1007 3474 1218 3543 scriptumest,
1233 3471 1356 3527 Lucerem
1366 3488 1397 3542 pe
1417 3471 1475 3526 idus
1487 3472 1553 3527 meis
1563 3471 1678 3528 uerbum
1689 3481 1776 3539 taam,
1790 3476 1834 3529 lto·

126 3549 187 3600 tem
201 3543 396 3608 candelabra,
406 3542 464 3599 hoc
480 3541 603 3598 solerter
624 3543 801 3598 intuendum
816 3547 869 3608 est,
882 3543 955 3616 quia
1007 3546 1080 3598 miae
1093 3564 1104 3612 ;
1116 3548 1155 3609 et,
1170 3543 1187 3598 l
1204 3544 1291 3599 uitam
1311 3543 1445 3613 eloquium
1460 3549 1537 3598 taum
1550 3542 1644 3613 (Paul.
1662 3560 1763 3615 cxvrrr,
1779 3545 1830 3611 tos,

128 3615 312 3687 septiformis
331 3615 426 3684 gratia
446 3618 500 3679 est,
522 3613 679 3685 quaedata
704 3620 750 3669 est
775 3629 793 3670 a
821 3616 882 3670 Deo
902 3629 955 3685 per
1009 3616 1081 3685 tto).
1095 3615 1134 3670 Et
1147 3561 1226 3686 peges
1240 3615 1298 3684 ejas
1311 3614 1412 3669 similes
1429 3612 1588 3670 aurichalca
1603 3614 1771 3682 Liiaai¹,'
1803 3617 1832 3671 iti

127 3687 229 3742 Jesnrn
241 3685 388 3741 Christum
405 3685 565 3740 Dominum
586 3685 836 3750 nostrrrnr‚nobis
874 3685 954 3740 cneri
1007 3686 1078 3739 cetat
1098 3688 1129 3740 iu
1152 3685 1373 3757 [nraaoeipsisr
1393 3684 1598 3756 inpedibusi
1622 3686 1831 3743 nitisEceesia

126 3757 274 3822 humano,
285 3756 337 3829 qni
362 3755 566 3811 credidimus:
586 3756 658 3828 quia
681 3762 708 3812 et
729 3757 792 3826 ipse
807 3702 955 3827 pollicitus
1006 3756 1177 3827 intelligitur
1192 3773 1199 3819 ;
1216 3771 1285 3828 quae
1299 3755 1474 3812 imminente
1486 3755 1536 3810 die
1552 3755 1587 3825 ju
1611 3756 1675 3822 icii,
1691 3759 1830 3815 nimietate

127 3833 171 3882 est
195 3827 282 3883 nobis
306 3826 421 3882 mittere
439 3826 580 3906 Spiritum
605 3825 788 3907 paracletum
808 3827 846 3882 de
860 3826 952 3890 coelis,
1005 3842 1215 3898 pressurarum
1231 3824 1399 3897 probanda,
1416 3831 1443 3882 ct
1459 3826 1528 3896 igne
1551 3827 1765 3885 examinanda
1776 3835 1825 3885 est.

125 3912 217 3969 quem
233 3904 262 3953 et
274 3895 422 3967 apostolis
445 3897 536 3962 misit,
560 3912 613 3969 qur
639 3899 669 3952 in
691 3899 761 3953 Asia
785 3913 850 3953 esse
874 3897 954 3954 side·
1007 3899 1040 3953 Et
1053 3898 1126 3980 quia
1146 3914 1200 3968 pes
1216 3897 1385 3955 novissima
1400 3913 1470 3967 pars
1485 3898 1682 3968 estcorporis
1699 3906 1729 3956 et
1747 3899 1829 3971 pedes

126 3966 247 4034 bantur,
265 3967 320 4022 hoe
346 3967 433 4021 estin
450 3967 526 4023 elato
552 3967 676 4034 mundo,
695 3967 747 4024 ubi
773 3973 800 4023 et
816 3968 954 4039 septilor·
1006 3968 1116 4050 ignrtos
1131 3969 1205 4025 dixit
1222 3984 1301 4033 esse,
1324 3967 1392 4025 idco
1404 3969 1435 4025 in
1449 3967 1578 4041 pedibus
1594 3969 1729 4026 Ecclesia
1739 3971 1828 4027 noris·

125 4054 207 4095 mem
232 4037 359 4101 gratiam
374 4042 488 4106 septem
513 4037 649 4092 Ecclesiis
665 4038 752 4093 nobis
768 4054 953 4109 perserrum
1007 4040 1075 4095 simi
1096 4040 1240 4111 temporis
1268 4039 1439 4108 intelligitur
1466 4038 1566 4095 multis
1592 4041 1828 4098 tribulationibus

125 4125 215 4166 suum
226 4109 374 4165 loannem
390 4108 525 4163 donavit.
541 4107 639 4163 Gratia
658 4109 730 4164 codis
747 4117 772 4164 et
783 4126 842 4181 poa
855 4111 953 4167 malti·
1006 4110 1085 4167 velut
1099 4126 1206 4167 aurum
1222 4110 1251 4165 in
1267 4109 1389 4168 fornace
1404 4109 1575 4182 probanda.
1590 4112 1691 4176 Quam
1708 4129 1770 4169 rem
1782 4113 1827 4185 qui

121 4178 482 4252 pis‘eetsraDecPatreeta
492 4178 748 4234 Filiobams'aiseid
759 4186 812 4245 est,
824 4181 950 4237 Christo.
1005 4182 1082 4237 bene
1098 4182 1277 4245 considerat,
1290 4181 1354 4252 jann
1376 4196 1457 4237 nunc
1472 4196 1505 4237 en
1520 4180 1716 4239 multitudine
1728 4184 1768 4240 ini
1790 4185 1826 4239 ui-

125 4250 193 4308 Sive
217 4258 317 4308 autern
333 4250 420 4306 Filius
444 4249 586 4315 hominis,
603 4251 664 4305 siva
684 4257 799 4321 septem
814 4251 952 4308 candela·
1006 4257 1099 4308 tatum
1114 4253 1179 4308 fieri
1190 4252 1280 4308 videt.
1295 4253 1364 4309 ldeo
1376 4252 1752 4327 aurichatcnsignavit,qu
1798 4269 1828 4310 ex

123 4321 188 4389 bra,
214 4323 277 4379 sive
297 4327 412 4390 septem
429 4320 530 4386 stellae,
549 4321 680 4378 Ecclesia
693 4321 865 4391 intelligitur
882 4339 950 4379 cum
1004 4339 1062 4379 aere
1076 4329 1105 4379 et
1129 4323 1198 4394 igne
1220 4323 1314 4379 multo
1329 4339 1365 4380 ac
1381 4322 1581 4380 medicamine
1597 4326 1772 4395 perducitur
1794 4324 1827 4381 ad

123 4392 222 4464 capite
234 4409 289 4449 suo
311 4392 436 4449 Christo.
453 4392 539 4458 Quod
554 4397 655 4449 autem
671 4394 720 4458 ait,
736 4394 862 4448 Cinctum
878 4394 953 4448 ieter
1004 4394 1067 4451 auri
1084 4394 1214 4451 colorem
1237 4411 1243 4449 :
1265 4393 1341 4450 sicut
1367 4394 1497 4450 Ecclesia
1516 4408 1570 4465 per
1583 4395 1793 4454 tribulationes
1804 4401 1829 4452 ct

122 4464 258 4519 mamillas
269 4480 338 4520 anea
352 4481 437 4519 aurea
448 4463 516 4521 :ills
529 4464 581 4534 qui
594 4470 657 4520 erat
667 4465 791 4528 cinctus,
803 4465 951 4521 Christum
1003 4465 1158 4537 passiones
1170 4466 1273 4536 purior
1288 4465 1432 4522 redditur.
1453 4465 1485 4520 ln
1500 4479 1579 4522 zona
1594 4481 1691 4523 aurea
1704 4469 1828 4524 accincta

124 4536 285 4591 [lominum
301 4535 462 4605 figurabat.
489 4536 567 4589 Duas
591 4534 829 4599 mentitasque
850 4538 952 4592 Testa·
1003 4537 1126 4608 pectori,
1163 4542 1239 4592 otest
1253 4536 1342 4592 etiam
1360 4534 1484 4592 scientia
1498 4536 1665 4608 spiritualis
1681 4554 1718 4595 ac
1745 4554 1829 4611 purus

123 4610 226 4662 menta
240 4606 461 4678 intellige‚qura
476 4605 645 4676 depectere
661 4604 950 4662 DominiSalvatoris
1003 4623 1111 4662 sensus
1153 4612 1220 4663 atus
1248 4607 1387 4663 Ecclesiae
1412 4605 1545 4677 intelligi.
1565 4607 1700 4665 Gladium
1724 4610 1827 4665 mrobt's

122 4680 268 4748 tanquam
283 4676 320 4732 de
334 4676 455 4749 perenni
465 4676 546 4731 tonte
557 4677 718 4748 accipiunt,
731 4678 949 4734 undechristia·
1001 4686 1110 4734 neutum
1126 4678 1158 4732 ete
1178 4694 1223 4732 are
1242 4678 1329 4750 ipsius
1345 4677 1544 4751 procedentem,
1570 4678 1676 4761 ipsum
1690 4681 1828 4738 Christum

122 4760 196 4802 num
211 4746 358 4818 populum
380 4747 567 4803 nutrianted
587 4748 679 4803 vitam
698 4754 853 4803 aeternum.
868 4751 950 4805 Zona
1001 4747 1338 4820 essesigniticat,qniet
1354 4765 1434 4806 nunc
1449 4749 1827 4825 Evangelribona,etprins

120 4832 191 4873 vero
206 4833 306 4887 aurea,
324 4818 434 4873 chorus
448 4823 501 4885 est,
511 4817 573 4873 sive
584 4818 743 4874 multitudo
758 4820 946 4876 Sanctorum.
1002 4834 1055 4891 per
1069 4822 1189 4891 ltoysen
1206 4821 1290 4888 Legis
1302 4819 1436 4876 notitiam
1453 4820 1595 4876 universo
1610 4821 1679 4877 orbi
1696 4823 1826 4895 protulit:

120 4888 202 4945 Sicut
215 4888 294 4944 enirn
308 4888 345 4944 de
361 4889 481 4958 cingulo
496 4894 600 4959 pectus
615 4889 778 4959 stringitur,
794 4890 835 4946 ita
858 4905 947 4946 sanc·
1000 4889 1075 4947 etde
1089 4906 1152 4961 qno
1164 4891 1256 4946 David
1266 4890 1399 4948 similiter
1412 4890 1462 4955 ait,
1477 4891 1565 4947 Semel
1578 4892 1687 4949 merse
1699 4903 1739 4950 est
1752 4896 1825 4958 Dm,

119 4965 219 5015 torum
243 4959 404 5015 multitudo
419 4960 535 5016 Christo
557 4959 699 5025 adhaeret,
725 4966 753 5016 et
768 4960 848 5017 velut
870 4961 946 5018 duas
999 4961 1122 5017 daodaee
1136 4960 1231 5017 audini
1254 4961 1341 5033 (Peat.
1357 4978 1415 5027 nnn,
1431 4961 1488 5030 ts).
1505 4964 1572 5018 llaec
1598 4978 1675 5035 ergo
1692 4965 1826 5022 suntduo

119 5029 270 5087 mamillas
285 5030 347 5086 duo
361 5033 548 5086 Testamenta
563 5030 778 5102 complectitur,
800 5037 831 5087 ut
846 5047 883 5086 ex
904 5032 947 5103 ip·
999 5035 1197 5097 testamenta,
1221 5049 1287 5105 quea
1305 5049 1360 5105 pro
1384 5038 1474 5105 captu
1498 5036 1647 5104 temporis
1674 5044 1729 5092 aut
1747 5051 1824 5097 nora.

119 5102 161 5156 sis
175 5101 255 5157 velut
270 5101 307 5156 de
320 5101 429 5157 sanetis
445 5101 587 5157 uberibus
598 5103 775 5157 nutriantur.
792 5102 888 5172 Caput,
904 5103 946 5157 in·
999 5110 1051 5159 ant
1064 5109 1173 5169 vetera,
1190 5104 1308 5173 gladius
1335 5104 1382 5160 bis
1403 5109 1509 5159 acutus
1533 5103 1691 5163 dicuntur.
1711 5108 1825 5179 Vossius

117 5171 193 5245 quit,
204 5173 262 5242 ejus
276 5178 301 5227 et
313 5172 409 5243 capitii
417 5173 485 5227 siccet
497 5171 561 5227 tarta
574 5171 635 5226 alba
645 5179 669 5227 et
683 5175 734 5226 aia
746 5190 755 5227 .·
765 5174 891 5243 capillos
905 5174 945 5229 al·
998 5182 1129 5246 tanquam
1143 5191 1194 5228 oea
1208 5190 1340 5246 aquaram
1355 5174 1504 5230 multarum
1521 5193 1532 5230 :
1547 5190 1639 5248 aquea
1654 5179 1768 5245 mults,
1781 5193 1824 5249 po

117 5243 175 5298 bos
191 5244 413 5299 multitudinem
429 5243 609 5308 albatorum,
626 5243 710 5299 idest
724 5246 944 5316 neophytorum
998 5248 1059 5316 puli
1076 5245 1281 5315 intelliguntur
1293 5261 1358 5302 esse
1378 5262 1385 5313 ;
1403 5247 1434 5302 in
1449 5261 1531 5313 soce,
1545 5246 1727 5318 praedicatio
1741 5253 1824 5319 Apes·

117 5314 313 5385 exBaptisrnn
325 5314 537 5385 prodeuntium
549 5315 944 5387 dicit¹.1anamdinit,quia
999 5317 1137 5372 totorum.
1151 5315 1236 5385 Quod
1247 5322 1347 5372 autem
1359 5332 1450 5388 supra
1465 5316 1548 5382 dixit,
1561 5317 1649 5373 Pedes
1664 5322 1726 5391 ejas
1734 5319 1824 5376 aare

117 5398 187 5440 ores
209 5385 315 5440 Christi
332 5391 413 5442 sunt.
435 5385 537 5440 Nivern
552 5385 635 5451 dixit,
652 5385 725 5458 quia
744 5386 820 5442 sicut
842 5388 890 5442 nix
905 5388 943 5444 de
996 5387 1163 5457 aurichalco,
1189 5395 1317 5459 tanquam
1343 5387 1372 5443 iu
1398 5388 1508 5459 [orsam
1532 5390 1649 5460 medati
1670 5408 1682 5458 ;
1711 5394 1824 5465 possunt

117 5456 192 5508 emto
208 5456 284 5511 ultro
297 5456 463 5522 descendit,
480 5457 560 5512 itaet
576 5457 672 5526 gratia
685 5458 829 5529 Baptismi
852 5459 942 5514 nullis

147 5541 281 5598 ¹l'itutns,
296 5544 402 5594 domitia
417 5546 439 5601 l,
453 5548 562 5595 nonest
576 5546 603 5594 in
618 5546 701 5595 veteri
715 5545 940 5598 codicePetransi.
1025 5548 1076 5597 1Ιιι
1089 5547 1175 5604 editis,
1192 5547 1299 5597 clibani.
1325 5546 1376 5597 Sed
1393 5545 1541 5611 legendum
1560 5561 1633 5610 esse,
1648 5548 1823 5616 Libnnipsttt

147 5601 157 5632 ¹
171 5601 219 5650 lds.
235 5603 376 5663 Petrensis,
391 5607 590 5669 precedentium.
994 5622 1028 5661 ex
1039 5609 1167 5660 Primasio
1182 5614 1210 5660 at
1224 5623 1257 5659 ex
1271 5611 1409 5674 Autperto.
