3952 6150
121 155 195 218 aare
882 149 1080 217 ιιιιιιιιιιιι.
1713 216 1717 223 ,
1760 144 1832 222 aare
1860 194 1865 205 ,

117 288 201 356 patre
215 279 320 337 diabolo
329 283 392 337 sats·
402 282 474 350 estis,
490 279 750 354 etcoscaps‘scssts'as
763 282 851 352 patris
866 283 948 338 vestri
1003 281 1186 342 necessariis.
1202 284 1269 340 llaec
1285 282 1365 340 enim
1379 299 1449 341 rara
1461 281 1525 342 laus
1539 292 1593 353 est,
1614 287 1638 343 si
1653 288 1695 345 sic
1709 288 1750 345 itti
1762 304 1831 361 pro·

119 352 308 424 cultislaesre.
320 353 407 408 Vides
419 353 949 427 ergooperibusetprolessionetilios
1003 354 1082 411 liciat
1099 355 1222 426 quaesita
1237 354 1378 426 dignitas,
1396 362 1426 413 ut
1439 356 1549 413 nullius
1564 363 1667 428 egeat;
1684 362 1757 416 dum
1771 362 1830 419 hoc

119 424 233 483 diaboli
246 424 404 496 procreari.
431 425 477 482 Sic
501 425 581 481 euim
603 425 680 480 Deus
703 425 829 480 instituit
855 439 949 494 genus
1003 432 1115 482 naturae
1128 426 1370 498 e‘uspraestatur,
1381 432 1410 482 ut
1426 443 1478 500 per
1489 443 1520 484 εε
1535 429 1702 500 ipsaniam,
1715 431 1831 489 etbeue

120 501 261 554 nostrum
276 498 377 552 utsine
387 497 558 557 sensuuati.
571 496 949 568 possimustamenerudiri
1004 496 1085 553 siret
1096 498 1146 553 uul
1159 514 1177 553 o
1190 498 1332 569 requisito
1346 498 1490 569 suffragio
1509 500 1593 561 :.hoc
1604 505 1657 567 est,
1675 517 1741 557 vere
1756 502 1831 560 diri·

120 568 159 625 ad
174 574 344 639 utrumque,
357 567 504 622 utsiread
519 567 644 633 bouum,
655 566 946 639 siveadmalumipsi
1005 573 1063 624 tem
1080 567 1143 624 fieri
1157 574 1185 624 ει
1202 568 1380 640 gloriosum.

122 641 211 697 nobis
224 637 454 710 quodammodo
467 638 563 694 simus
586 643 724 694 auctores
739 656 747 692 :
769 644 801 693 ut
815 638 949 695 laetemur
1040 639 1077 709 (a)
1095 641 1157 695 Nou
1171 654 1261 695 omne
1276 640 1358 712 quod
1374 639 1515 704 nascitur,
1526 641 1581 697 hoc
1597 642 1736 715 estquod
1749 644 1831 701 unde

119 709 949 779 innobis,cumrecteagentesrernuucr·amur;autnobis

119 780 337 854 imputemussi
350 797 444 853 prava
457 787 614 853 sequentes
625 781 721 852 poeais
735 780 947 851 subjiciamur:

120 852 189 910 ideo
202 852 316 923 judicio
327 858 492 907 nostronos
504 854 627 918 dimisit,
641 859 714 908 utne
740 867 774 907 ue
786 866 949 924 queramur

120 925 158 982 de
173 923 269 990 malis,
282 939 379 996 neque
392 923 510 990 trustra,
524 925 632 980 sicutet
643 925 691 980 llei
703 867 779 979 ahos
792 938 844 1048 ὕει
857 924 948 978 tidem

119 995 196 1062 lieri,
207 995 340 1051 danobis
352 994 538 1067 gaudeamus
553 995 578 1050 si
593 1010 782 1051 coronemur.
820 1010 949 1050 euseou·

121 1068 199 1125 ditor
210 1073 238 1122 et
249 1071 353 1122 auctor
365 1065 655 1121 substuurtaenosuae
668 1066 758 1121 voluit
769 1065 882 1137 aliquid
894 1081 949 1121 nos

120 1138 276 1213 proprium
302 1142 437 1193 nostrum
449 1136 570 1203 habere,
589 1143 618 1191 ut
635 1152 694 1192 nnn
709 1137 830 1208 indigne
844 1136 948 1205 glorie·

121 1207 949 1281 murdelide,quamhabemusinDeoQuienimpotesta·

120 1283 158 1336 tis
173 1297 234 1335 sura
250 1296 309 1336 non
324 1286 375 1344 est,
385 1279 532 1350 quidquid
541 1279 688 1345 habuerit,
699 1279 830 1335 alienum
845 1284 888 1333 est
900 1295 907 1344 ;
918 1285 949 1334 ut

122 1368 184 1478 necl
194 1351 316 1422 gloriari
332 1353 424 1423 possit
439 1350 581 1417 debonis,
599 1365 654 1406 nec
677 1366 745 1406 reus
758 1351 895 1406 constitui
912 1353 949 1405 de

122 1440 173 1480 ma
187 1439 221 1478 rs.

159 1494 266 1551 Llllllll.
285 1523 317 1533 -
331 1490 491 1563 Apostolus
500 1492 550 1559 ait,
564 1493 729 1549 Nessotrrro
740 1490 831 1548 rudet
845 1491 947 1560 (Galat.

121 1581 152 1632 u,
167 1565 209 1637 ts)
227 1580 233 1618 :
250 1565 286 1619 de
298 1565 408 1620 tudaeis
424 1577 495 1632 ergo
506 1563 587 1618 nasci
602 1563 720 1619 ludaeos
733 1562 864 1618 ostendit
874 1575 880 1614 :
890 1577 950 1618 non

121 1636 159 1692 de
176 1635 332 1708 proselytis
347 1634 425 1700 dien,
440 1651 516 1707 quos
530 1639 647 1691 constat
662 1633 725 1690 fieri
746 1635 760 1687 J
766 1635 879 1689 udoeos.
898 1634 950 1688 lle·

123 1709 215 1780 nique
228 1708 278 1779 qui
292 1707 321 1761 in
332 1722 433 1761 eremo
446 1706 507 1761 nati
523 1712 602 1772 suut,
619 1711 757 1761 nonsunt
771 1705 948 1770 circumcisi,

1002 712 1146 766 nascitur.
1162 712 1236 766 Nam
1254 716 1280 766 et
1294 727 1416 780 aurum,
1433 717 1488 778 etc,
1506 712 1643 778 Pagauus
1658 722 1759 771 tamen
1774 720 1830 782 ast,

1003 785 1076 852 quia
1090 782 1154 836 siue
1170 798 1261 837 sensu
1278 789 1332 846 est,
1346 799 1444 854 neque
1463 799 1552 838 suum
1562 783 1678 840 habens
1690 788 1831 844 meritum

1003 867 1100 924 neque
1114 853 1244 909 alterius.
1271 852 1310 908 De
1324 854 1429 909 Judaeo
1457 861 1558 909 autem
1581 856 1691 912 idcirco
1710 857 1831 915 ludaeus

1002 924 1143 989 nascitur,
1159 930 1214 988 etc,
1229 925 1286 979 Sed
1302 924 1410 980 dicitur
1424 934 1562 980 εεοιιιιε.
1580 927 1608 982 Si
1619 926 1714 983 iactus
1727 928 1831 1002 utique

1003 994 1113 1067 estqui
1128 1001 1260 1065 generat,
1276 995 1333 1051 hoe
1348 996 1438 1051 debet
1452 1010 1595 1066 generare
1606 998 1688 1071 quod
1702 998 1829 1071 ipseest,

1004 1070 1034 1120 ut
1043 1066 1107 1136 jam
1120 1073 1243 1137 accepta
1261 1065 1391 1138 drgnitas
1407 1068 1559 1123 traducem
1576 1067 1666 1125 lactat
1689 1086 1695 1125 :
1713 1071 1788 1127 sicut
1801 1075 1830 1127 et

1003 1136 1166 1201 inlaudata,
1185 1138 1258 1209 quia
1282 1139 1434 1193 Abruham
1459 1139 1496 1194 de
1512 1152 1642 1211 pagano,
1663 1142 1712 1197 tlei
1736 1142 1832 1198 cultor

1004 1206 1100 1263 lactus
1111 1212 1165 1273 est,
1182 1216 1209 1263 ει
1228 1224 1264 1263 ex
1277 1225 1312 1265 eo
1329 1209 1413 1278 origo
1427 1209 1599 1266 Jrrdaeorum
1613 1227 1619 1276 ;
1634 1212 1709 1268 sicul
1724 1211 1832 1269 attacti

1003 1286 1166 1343 senatores,
1177 1280 1241 1349 jam
1253 1288 1404 1334 senatores
1420 1290 1574 1351 generant.
1587 1282 1642 1338 Sat
1658 1290 1831 1340 senatorum

1003 1349 1133 1420 dignitas
1146 1366 1206 1405 non
1232 1351 1315 1421 apud
1334 1354 1425 1406 Deum
1457 1353 1595 1408 meritum
1618 1352 1718 1422 hahet,
1732 1370 1830 1428 neque

1004 1422 1069 1503 ipsa
1084 1429 1201 1485 natura,
1220 1422 1304 1478 idest
1317 1421 1485 1479 substantia
1500 1425 1695 1549 consequitur
1716 1426 1832 1482 haneli-

1003 1508 1082 1548 crum
1098 1515 1104 1557 ;
1121 1493 1174 1548 sed
1190 1494 1219 1546 iu
1235 1492 1299 1549 sola
1311 1493 1391 1549 larua
1406 1499 1434 1549 et
1448 1510 1586 1550 sermone
1621 1496 1729 1566 ignitas
1746 1497 1831 1553 verti·

1004 1569 1050 1619 tur
1068 1580 1121 1629 ;ac
1137 1580 1188 1635 per
1202 1563 1259 1620 hoc
1271 1565 1360 1619 currit
1372 1580 1470 1621 sermo
1483 1581 1536 1636 per
1552 1565 1705 1622 traducem
1721 1568 1830 1634 carnis,

1004 1634 1078 1690 nihil
1092 1637 1173 1690 aliud
1209 1641 1344 1701 raestans,
1358 1651 1452 1708 quarn
1478 1637 1652 1707 opinionem
1669 1637 1831 1695 mundanas

1003 1706 1166 1778 dignitatis.
1183 1651 1280 1772 &trare
1291 1707 1674 1763 autemdeludaeoludteus
1689 1712 1830 1775 nascitur,

122 1785 267 1836 ettamen
288 1776 382 1832 Judaei
406 1783 499 1832 erant.
517 1779 580 1833 Nou
604 1792 675 1841 ergo
698 1776 887 1832 circumcisio
902 1777 950 1831 Ju-
999 1778 1066 1850 jam
1080 1777 1193 1833 dictum
1207 1782 1251 1833 est
1264 1778 1831 1850 :Christianusautemcumbouidigni·

122 1850 224 1905 doeum
239 1848 307 1905 lacit
321 1848 391 1914 ;sed
406 1848 545 1904 nativitas
561 1847 618 1903 suh
637 1847 688 1902 Del
703 1847 849 1903 Creatoris
860 1847 950 1903 devo·
1004 1856 1047 1906 tas
1063 1855 1177 1904 uaturae
1192 1849 1248 1920 ipsi
1261 1849 1429 1913 acceditur
1444 1850 1612 1906 substantia
1624 1851 1755 1906 hominis
1771 1867 1833 1924 qua

122 1921 203 1978 tione
218 1920 385 1992 progenita.
400 1919 429 1974 st
442 1935 512 1989 ergo
529 1919 566 1974 de
588 1918 698 1974 ludaeis
711 1919 803 1974 ludaei
821 1933 937 1975 naseun

123 1996 182 2058 tur,
196 2006 289 2063 quare
315 2004 374 2045 non
389 1990 479 2045 etiam
502 1989 540 2045 de
565 1990 736 2046 Christianis
763 1987 951 2047 Christiani?

123 2079 196 2119 nam
209 2064 238 2117 et
249 2063 286 2116 de
306 2059 431 2132 Paganls
446 2061 556 2130 Pagani
570 2066 743 2116 nascuntur.

159 2136 223 2191 Non
234 2147 324 2190 omne
339 2133 420 2205 quod
434 2133 575 2198 nascitur,
592 2132 649 2188 hoc
664 2139 692 2188 et
709 2130 787 2188 unde
806 2132 948 2187 nascitur.

124 2207 237 2262 Namet
252 2204 404 2261 aurumde
417 2210 493 2259 terra
505 2203 649 2272 nascitur,
658 2209 686 2258 et
697 2219 755 2259 uon
764 2208 864 2258 tamen
873 2209 950 2259 terra

123 2282 168 2332 est
183 2279 232 2346 ;et
246 2291 374 2346 gemma
387 2280 416 2330 ει
431 2274 488 2330 alia
500 2273 612 2333 multa:
628 2284 656 2331 et
667 2274 705 2330 de
720 2274 802 2344 liguo
815 2288 884 2330 esca
900 2290 949 2331 na·

124 2347 226 2413 scitur,
238 2352 266 2403 et
278 2347 377 2402 deero
405 2345 493 2401 ullus.
502 2346 540 2400 lle
552 2345 785 2415 Paganisautem
795 2352 824 2400 nt
836 2344 950 2418 Pagaui

123 2424 287 2500 nascantur
300 2417 365 2473 haec
379 2363 448 2497 lacit
460 2432 568 2473 causa:
582 2417 846 2499 quiaenimomnis
857 2432 952 2499 paga·

124 2506 184 2546 nus
199 2506 228 2545 ιιι
244 2495 412 2561 ignorantia
436 2493 489 2552 est,
505 2494 533 2544 et
551 2504 602 2561 qut
626 2492 757 2544 nascitur
776 2504 814 2543 ex
838 2503 873 2543 eo
887 2503 951 2545 stuc

125 2575 216 2617 sensu
235 2568 287 2625 εει,
304 2560 395 2616 ambo
405 2559 577 2629 ignorantes
592 2565 669 2615 sunt.
688 2559 745 2616 Sed
760 2560 816 2614 hoc
830 2559 951 2615 interest

124 2632 201 2689 iuter
216 2637 387 2704 utrumque,
400 2630 472 2704 quia
484 2631 534 2703 qui
546 2637 678 2700 uenerat,
688 2630 751 2685 sine
765 2629 858 2686 dubio
871 2630 950 2686 blas·

123 2703 255 2776 phemus
267 2708 319 2768 εει,
336 2717 371 2758 ac
382 2719 433 2773 ρει
449 2702 505 2757 hoc
519 2702 595 2757 lilius
606 2701 717 2758 diaboli
729 2707 773 2757 est
785 2717 790 2756 :
800 2708 886 2757 nattis
897 2718 952 2758 au-

124 2780 185 2832 tem
202 2772 300 2830 intans
316 2773 409 2829 nescit
424 2772 646 2844 blasphemare,
661 2772 735 2829 sicut
753 2774 844 2828 nescit
861 2773 952 2829 bene-

123 2845 243 2910 dicere;
261 2860 398 2916 paganus
410 2853 509 2900 tamen
523 2850 577 2909 est,
592 2845 664 2916 quia
675 2845 737 2899 sine
747 2850 894 2900 sensuest.
913 2844 951 2899 lle

123 2916 228 2973 iudeo
240 2922 341 2972 autem
365 2916 476 2972 idcirco
499 2915 620 2971 iudaeus
636 2915 779 2982 nascitur,
795 2917 867 2986 quia
893 2916 951 2971 sub

124 2986 440 3045 Creatorisdevotione
451 2991 619 3057 generatur.
635 2987 714 3043 Sicut
724 2986 797 3042 dixit
811 2985 904 3042 adam
914 2985 952 3043 dc

124 3061 206 3123 Cain,
224 3059 371 3114 Procreoei
385 3058 516 3114 hominem
530 3057 757 3129 perDeum(Gerr.
768 3058 854 3128 tul).
872 3058 954 3113 Sicut

122 3132 203 3188 caim
215 3131 325 3200 Pagani
352 3130 485 3186 indevoti
502 3130 642 3194 Creatori,
666 3129 824 3185 daemoniis
839 3129 952 3197 gratias

124 3205 220 3274 agunt
229 3201 408 3258 inomnibus
439 3218 483 3257 nee
496 3206 604 3270 agunt;
614 3202 688 3256 itaet
698 3201 712 3255 J
716 3199 792 3255 udal
804 3200 953 3256 DeoCrea-

124 3273 182 3330 tori
197 3218 488 3357 supptices,lau3anr
501 3288 569 3327 eum
582 3271 704 3328 inomni
725 3277 791 3327 actu
802 3286 866 3341 suo,
880 3271 954 3327 ineo

124 3343 954 3418 despiciendlqulanoncognoscuntChristum,perquem

127 3422 199 3472 suut
213 3416 327 3472 omnia.
345 3416 403 3470 lloc
419 3415 508 3472 etiam
517 3414 955 3471 mododeludneolutloeusna·

127 3488 233 3546 scitur.
246 3490 310 3544 Non
321 3486 402 3543 enirn
415 3486 492 3542 sieut
502 3485 686 3559 quibusdam
695 3485 893 3557 videtur,quia
904 3485 957 3541 cir-

126 3559 272 3617 cumcisio
288 3559 356 3615 lacit
367 3558 514 3613 Judaeum.
534 3556 726 3613 Circumcisio
740 3556 819 3612 enim
836 3557 955 3628 signum

126 3630 274 3687 ludaismi
284 3636 337 3689 est.
347 3629 590 3686 nontudatsmus
600 3630 684 3700 :quia
696 3645 755 3684 nou
768 3628 894 3684 abrahae
903 3628 958 3682 cir·

127 3702 272 3758 cumcisio
279 3701 394 3772 justitia
405 3707 460 3766 est,
475 3700 526 3755 sed
541 3699 909 3772 signumjustitiae‚utnati
921 3714 957 3754 ex

127 3772 280 3829 Abraham
293 3773 414 3842 siguum
430 3773 584 3837 habereut,
601 3786 651 3843 per
666 3771 748 3842 quod
760 3771 959 3843 probarentur

128 3844 181 3901 lilii
197 3860 264 3899 esse
279 3843 406 3898 Abrahae
423 3861 429 3902 :
447 3843 632 3968 quippecum
648 3856 683 3897 ex
698 3842 773 3898 luda
788 3841 958 3898 llaehabaeo

126 3916 187 3973 hoe
203 3915 324 3971 nomine
340 3915 400 3970 siut
418 3930 495 3986 appe
508 3914 570 3979 lati,
588 3921 619 3968 ut
632 3928 691 3968 non
709 3913 806 3968 solum
823 3929 858 3968 ex
870 3914 956 3978 Juda.

128 3986 183 4044 aad
194 3991 222 4043 el
235 3986 374 4042 creterlex
383 3985 525 4041 omuibus
535 3983 709 4054 tiliistacob,
718 3984 958 4040 Judeeivocaren·

127 4064 188 4122 tur,
203 4062 357 4129 propterea
369 4056 452 4128 quod
465 4056 558 4110 ludas
573 4055 635 4110 dua
660 4055 747 4111 luerit
763 4057 814 4110 eis.
829 4055 959 4127 ldeoqua

129 4129 193 4186 nati
206 4129 300 4185 ludaei
314 4126 600 4198 signumaccipiuur,
617 4132 648 4181 ut
658 4125 959 4198 quisuntintelligan·

129 4205 190 4256 tur.
208 4202 246 4256 lle
267 4197 435 4256 Christiano
448 4204 547 4253 autem
561 4197 627 4253 iden
640 4212 701 4252 non
716 4199 848 4252 nascitur
863 4196 958 4254 Chris·

130 4272 241 4337 tianus,
251 4271 395 4342 quiaipse
409 4270 461 4338 qul
472 4273 673 4341 generatnon
688 4274 786 4331 uatus,
797 4268 848 4323 sed
862 4267 960 4325 factus

130 4348 177 4398 est
194 4341 387 4398 Christianus.
414 4340 615 4406 Quamobrem
631 4344 659 4396 et
677 4339 733 4395 iste
747 4339 798 4411 qui
819 4341 959 4405 nascitur,

130 4412 196 4470 lieri
210 4418 337 4484 oportet,
350 4416 380 4468 ut
392 4411 437 4468 sit.
454 4414 511 4468 Nec
521 4412 600 4467 enim
613 4427 664 4482 ρει
679 4410 880 4467 substantiam
892 4426 959 4466 nas-

130 4486 219 4550 citur,
235 4484 287 4539 sed
301 4500 354 4556 per
368 4483 459 4538 fidem
475 4498 542 4556 quoe
559 4482 624 4555 jam
645 4483 723 4538 natis
738 4483 862 4539 accedit.
877 4482 961 4551 lguo·

132 4556 233 4612 rantia
246 4556 324 4610 enim
341 4570 506 4611 cumcarue
518 4554 661 4620 nascitur,
670 4554 849 4610 lldesautrm
858 4559 961 4626 postea

133 4625 279 4699 spirituali
293 4627 408 4683 ratione
421 4626 571 4681 inseritur.
585 4625 642 4681 Sed
657 4625 790 4681 dicituro
804 4633 917 4690 eontra,
933 4625 959 4682 st

133 4698 234 4755 lactus
249 4697 351 4769 utique
367 4697 472 4768 estqui
487 4703 619 4763 generat,
634 4697 691 4752 hoc
700 4698 763 4768 jam
776 4697 864 4753 dehet
875 4712 963 4769 gene-

130 4783 200 4827 rare
215 4766 299 4840 quod
314 4769 377 4841 ipse
390 4772 444 4834 est,
456 4773 489 4823 ut
507 4772 631 4840 accepta
656 4768 785 4838 dignitas
805 4769 961 4824 traducem

131 4843 253 4898 laceret.
266 4842 340 4895 Nam
355 4845 505 4896 senatores
518 4844 662 4907 generant
675 4845 836 4906 senatores,
852 4840 907 4895 Sed
916 4855 962 4896 εε·

132 4915 275 4969 natorum
288 4910 485 4977 diguitasnou
503 4909 623 4966 habeta
648 4911 687 4966 ud
704 4913 795 4966 lleum
812 4911 960 4966 meritum.

132 4987 234 5054 Neque
245 4983 311 5065 ipsa
326 4988 444 5047 natura,
460 4982 517 5037 hnc
533 4986 577 5037 est
589 4927 756 5037 sussstautia
769 4982 962 5053 consequitur

133 5054 326 5119 beneficium,
344 5053 396 5109 sed
412 5054 440 5109 iu
458 5053 521 5108 sola
537 5053 616 5108 lama
636 5057 665 5109 et
680 5067 817 5108 sermone
832 5052 962 5122 dignitas

133 5125 267 5182 vertitur.
282 5130 322 5181 hc
333 5125 448 5197 perhoe
461 5124 681 5196 curritquidem
695 5139 852 5195 sermnper
864 5124 962 5179 tradu-

135 5212 201 5254 cem
218 5197 328 5260 caruis,
346 5196 398 5251 sed
414 5195 488 5250 nihil
503 5195 584 5250 allud
597 5201 728 5266 prestat,
766 5210 835 5250 uam
848 5195 962 5265 opinio-

134 5284 206 5324 nem
222 5267 375 5332 dignitatts
394 5267 490 5322 :sicut
504 5269 532 5321 et
546 5265 576 5320 hi
592 5267 642 5337 qui
659 5211 796 5322 consistes
811 5272 891 5332 sunt,
911 5268 963 5320 aut

137 5339 243 5395 statuis
254 5337 462 5405 honestantur,
471 5338 731 5408 gaudentiurauo.
745 5337 899 5393 Christiani
911 5352 963 5391 au·

136 5415 197 5467 tem
214 5425 283 5465 cum
297 5409 382 5473 liunt,
403 5409 459 5480 ipsi
486 5416 599 5466 naturae
628 5408 742 5463 accedit
772 5408 911 5476 dignitas,
933 5412 963 5463 ut

135 5477 964 5552 esseutiaipsahominisreteruumhabeatincorruptibi-

135 5551 520 5609 litatisbenetreiumutnou
530 5552 632 5623 opinio
642 5550 716 5612 sola,
726 5550 776 5604 sed
791 5554 819 5605 et
830 5565 877 5604 res
891 5549 963 5604 sitin

136 5622 243 5680 effectu
260 5623 340 5693 apud
359 5623 463 5679 Deum.
478 5622 546 5678 Tale
556 5626 602 5677 est
617 5620 743 5689 utistud‚
758 5620 781 5676 si
792 5621 860 5693 quis
871 5620 965 5677 diser·

137 5701 186 5753 tus
204 5694 362 5770 pauperia
377 5693 467 5752 lande
481 5693 519 5752 sit
536 5697 565 5751 et
578 5697 664 5765 egeat
675 5707 765 5769 pane,
777 5696 830 5751 aut
843 5691 964 5769 reliquis

1003 1927 1118 1975 constat
1134 1919 1312 1976 heneficium
1322 1927 1533 1992 consequatur,
1543 1922 1831 1994 utnonopiniosola,

1003 1991 1056 2046 sed
1070 1997 1097 2047 ει
1110 1991 1199 2046 ιεεειι
1211 1992 1240 2045 iu
1253 1989 1557 2063 effectuapudlleum.
1569 1992 1700 2065 Denique
1709 2000 1834 2066 accepta

1003 2063 1178 2118 remissione
1191 2069 1392 2134 peccatorum,
1401 2063 1575 2135 purificatur
1588 2068 1666 2120 totus
1679 2063 1783 2132 homo,
1792 2065 1834 2121 ita

1003 2140 1035 2189 ut
1048 2140 1076 2189 et
1091 2134 1169 2189 lilius
1185 2149 1203 2189 a
1219 2134 1280 2188 Deo
1304 2134 1474 2206 adoptetur.
1504 2136 1709 2200 Quamobrem
1724 2151 1832 2192 omnes

1004 2211 1090 2261 natos
1103 2204 1221 2260 renasci
1233 2211 1363 2276 oportet,
1379 2205 1664 2278 quiamisericordia
1674 2206 1835 2278 Deisingu·

1004 2275 1039 2331 lis
1059 2276 1151 2332 donat
1169 2277 1304 2346 gratiam.
1336 2279 1394 2332 Nec
1418 2279 1498 2332 enirn
1523 2276 1597 2333 alter
1625 2276 1708 2335 alteri
1738 2282 1834 2361 potest

1004 2348 1210 2403 remissionem
1224 2348 1368 2418 accipere.
1377 2347 1484 2403 Anima
1497 2349 1651 2420 euimquae
1663 2350 1831 2405 nasciturin

1004 2434 1138 2491 corpore,
1148 2418 1194 2474 rel
1206 2434 1416 2490 cumcorpore‚
1426 2419 1641 2476 subditamortt
1655 2421 1779 2476 invenus
1793 2420 1833 2478 ab

1004 2490 1111 2556 Adam,
1126 2490 1183 2544 nisi
1199 2490 1319 2560 signum
1332 2491 1478 2563 acceperit
1492 2492 1594 2547 evictas
1609 2493 1723 2562 mortis,
1740 2495 1833 2547 tarta·

1003 2576 1071 2616 rum
1087 2559 1194 2616 luterni
1210 2576 1269 2616 nou
1293 2561 1403 2617 eradit.
1433 2562 1643 2634 Unusquisque
1672 2578 1754 2618 euim
1775 2562 1833 2619 sihi

1004 2632 1121 2704 accepit
1136 2632 1326 2700 beneficium,
1344 2648 1402 2688 nou
1426 2638 1455 2688 ει
1467 2634 1493 2689 ei
1512 2633 1563 2704 qui
1582 2633 1718 2690 noudum
1731 2639 1785 2690 est.
1805 2633 1834 2691 Si

1005 2703 1084 2759 euim
1094 2701 1188 2758 lactus
1198 2703 1382 2765 Christianus
1394 2703 1570 2759 immortalis
1578 2705 1644 2775 jam
1656 2711 1746 2770 esset,
1757 2711 1835 2762 recte

1005 2779 1094 2829 natus
1105 2774 1142 2829 de
1157 2773 1207 2828 illo
1222 2773 1280 2829 hoc
1309 2781 1386 2830 esset
1400 2774 1481 2846 quod
1498 2782 1526 2829 ει
1541 2777 1666 2847 genitor.
1693 2779 1766 2832 llam
1782 2777 1834 2849 qui

1006 2846 1079 2901 hunt
1094 2846 1260 2911 Christiani,
1278 2846 1397 2915 signum
1413 2845 1575 2918 accipiunt,
1596 2862 1633 2901 ue
1646 2863 1664 2902 a
1678 2854 1771 2903 morte
1787 2862 1835 2903 se-

1005 2916 1106 2972 cunda
1122 2922 1276 2971 teneantur
1294 2932 1299 2971 :
1316 2923 1490 2972 nontamen
1510 2925 1633 2974 mortem
1644 2925 1833 2990 praesentem,

1005 3003 1097 3059 quam
1111 2988 1837 3061 Adaminvenit,evaduntlulantesautempro·

1005 3064 1107 3130 pterea
1122 3058 1323 3127 baptizantur,
1337 3074 1407 3114 eum
1426 3059 1485 3114 siut
1498 3059 1683 3126 innocentes,
1694 3060 1836 3118 utanima

1005 3130 1087 3186 rudis
1102 3134 1173 3185 nata
1184 3129 1214 3184 in
1230 3144 1365 3201 corpore,
1382 3129 1503 3199 siguum
1520 3129 1628 3187 habeat
1644 3131 1752 3188 mortis
1772 3131 1836 3189 eri·

1006 3206 1069 3267 ctae,
1087 3215 1125 3255 ne
1136 3199 1231 3271 possit
1245 3204 1285 3256 ab
1300 3215 1334 3256 ea
1351 3198 1453 3256 teneri.
1472 3200 1532 3256 Hoc
1547 3201 1667 3270 signum
1683 3202 1836 3259 Abraham

1007 3271 1208 3328 nonhabuit:
1225 3286 1323 3344 neque
1348 3272 1510 3343 Propheta,
1539 3273 1611 3344 quia
1636 3277 1755 3344 tempus
1769 3272 1835 3331 illos

1006 3358 1068 3400 non
1080 3342 1192 3399 invenit
1204 3361 1210 3411 ;
1222 3348 1406 3399 reservatum
1429 3347 1587 3400 astantem
1610 3344 1679 3400 Filio
1701 3345 1761 3412 llei,
1783 3343 1836 3418 qui

1008 3415 1130 3470 veniens
1145 3416 1274 3470 vinceret
1288 3420 1425 3479 mortem,
1439 3421 1467 3470 ει
1477 3412 1556 3471 hanc
1569 3416 1695 3485 gratiam
1712 3415 1835 3471 creden·

1012 3485 1090 3542 tibus
1103 3484 1271 3555 largiretur.
1285 3486 1405 3541 lllncest
1422 3485 1500 3540 uude
1515 3485 1835 3552 llomiuusaitJudoeis‚

1011 3557 1150 3612 Abraham
1168 3564 1247 3628 putes·
1257 3563 1340 3611 nester
1349 3557 1452 3628 cupivit
1465 3557 1606 3615 strideret
1618 3558 1688 3613 diem
1694 3575 1780 3615 meum
1792 3580 1802 3628 ‚·
1813 3565 1838 3613 et

1011 3628 1091 3695 vidit,
1100 3634 1126 3685 et
1136 3628 1287 3698 gavisusest
1299 3628 1389 3695 (loun.
1407 3643 1464 3693 rrrr,
1480 3629 1534 3700 56).
1543 3629 1733 3685 Sciensenim
1745 3629 1839 3686 Abra·

1012 3700 1082 3756 ham
1097 3699 1244 3754 Christum
1270 3699 1308 3755 ad
1337 3699 1543 3755 liberationem
1569 3699 1695 3756 humani
1722 3699 1839 3772 generis

1012 3770 1242 3842 repromissum,
1267 3786 1385 3841 semper
1412 3769 1492 3825 euim
1508 3786 1631 3827 necesse
1651 3776 1714 3827 erat
1739 3776 1837 3828 ortum

1013 3843 1077 3914 ejus
1092 3841 1121 3896 in
1137 3840 1239 3897 inieris
1251 3843 1368 3913 positos
1380 3846 1549 3912 exspectare
1558 3859 1662 3915 ;quem
1673 3842 1722 3898 uhi
1734 3842 1764 3900 in
1778 3843 1840 3915 spi·

1012 3916 1070 3969 ritu
1084 3917 1188 3968 uatum
1204 3928 1268 3968 esse
1289 3912 1369 3979 vidit,
1386 3912 1510 3984 gavisus
1527 3919 1580 3978 est,
1605 3922 1702 3971 certus
1715 3914 1838 3987 quodin

1012 3983 1839 4056 brevtuetnternoereprusinduceretur-tuenetosQuo·

1014 4055 1838 4125 modoet-godectuistiantsuasetdeberentdhrtsuaut,

1014 4127 1136 4200 quaudo
1153 4128 1204 4199 qui
1223 4144 1283 4182 non
1299 4125 1468 4191 crediderit,
1484 4134 1611 4184 autnon
1636 4129 1724 4186 tuerit
1738 4127 1840 4200 bapti·

1014 4204 1108 4258 zatus.
1119 4213 1180 4253 non
1194 4199 1246 4254 erit
1263 4197 1446 4255 Christianus
1462 4197 1476 4253 l

1047 4269 1167 4325 Lllltlltl.
1195 4300 1226 4309 -
1248 4272 1384 4340 Paganos
1413 4268 1567 4325 elementis
1592 4283 1659 4324 esse
1688 4267 1839 4340 subjectos

1015 4340 1221 4397 nutttnubium
1241 4345 1284 4395 est
1304 4357 1311 4395 :
1332 4339 1458 4412 quidest
1476 4355 1546 4409 ergo
1570 4338 1653 4410 quod
1679 4340 1838 4424 Apostolus

1015 4402 1094 4474 dicit.
1109 4412 1229 4467 Erramus
1240 4418 1265 4466 et
1280 4427 1326 4466 sos
1339 4409 1611 4481 subelemeatrslrujus
1618 4411 1713 4466 munds
1724 4411 1840 4465 servieu-

1015 4488 1051 4538 tes
1065 4483 1079 4539 ‘l
1092 4483 1192 4551 (Galat.
1208 4498 1245 4548 rr,
1255 4483 1294 4549 3).
1305 4481 1334 4537 Si
1348 4483 1388 4537 ita
1413 4488 1481 4537 ueet
1492 4481 1584 4537 ludaei
1596 4482 1842 4538 elementiserant

1016 4554 1189 4620 servientes,
1205 4554 1278 4626 quid
1296 4552 1398 4608 differe
1422 4559 1474 4609 aut
1489 4553 1644 4622 al‘aganis
1660 4552 1674 4610 l

1051 4624 1236 4680 llanitestum
1251 4630 1295 4679 est
1306 4624 1484 4694 adjectione,
1498 4623 1764 4688 autdimluutione,
1778 4621 1840 4679 sive

1015 4694 1840 4769 immutationeuniussyllabaesensumpervertildcirco

1018 4769 1152 4835 Pagauos
1166 4766 1313 4823 elementa
1324 4767 1420 4823 colere
1435 4767 1576 4824 omuibus
1602 4769 1756 4838 cognitum
1770 4772 1815 4824 est
1832 4783 1839 4833 ;

1015 4838 1134 4894 ludaeos
1143 4844 1242 4894 etitem
1256 4853 1317 4895 non
1326 4838 1546 4902 elementis‚sed
1555 4838 1841 4894 subelementisDeo

1017 4912 1155 4973 servisse,
1169 4915 1290 4982 ριοριει
1300 4910 1484 4973 neomenias,
1495 4908 1664 4976 etsabhata,
1682 4910 1842 4965 etcircum·

1016 4981 1169 5045 cisiouem,
1185 4988 1213 5037 et
1227 4987 1332 5039 catera
1348 4980 1429 5045 talia;
1445 4981 1510 5038 haec
1524 4980 1604 5036 euim
1615 4979 1747 5036 carnalia
1761 4982 1839 5034 sunt.

1018 5051 1167 5124 Quidquid
1186 5053 1266 5108 enim
1281 5052 1395 5109 visibile
1411 5059 1465 5117 est,
1482 5051 1601 5107 carnale
1615 5057 1668 5116 εει,
1685 5057 1712 5106 ει
1725 5050 1763 5106 de
1785 5046 1842 5104 ele·

1017 5123 1651 5197 montisestSedquinexpraeeeptolleierat
1670 5118 1842 5176 Deoservie·

1016 5192 1119 5260 batur;
1136 5199 1208 5251 ulex
1222 5193 1842 5256 visibilibusadinvisibillaveniretur,etex

1017 5262 1840 5337 haceausaproiectuslieretadmajoracapicnda,utln

1016 5335 1062 5392 his
1077 5335 1296 5405 meditatldigni
1308 5334 1791 5461 tierentpromississphitualibus.
1801 5335 1841 5389 lix

1016 5423 1052 5462 ea
1065 5407 1154 5476 igitur
1166 5414 1260 5478 parte,
1276 5423 1368 5478 quam
1382 5422 1471 5480 supra
1483 5407 1595 5472 dixi,su
1625 5407 1843 5462 elementisser·

1018 5478 1136 5533 viebaut
1151 5477 1246 5534 Judoei
1262 5495 1270 5546 ;
1286 5494 1322 5534 ex
1335 5479 1393 5534 alia
1408 5483 1489 5551 parte
1505 5478 1601 5546 legem
1614 5477 1768 5534 habehant
1783 5475 1841 5548 spi·

1018 5548 1165 5614 niualem,
1183 5565 1250 5623 que
1267 5554 1295 5605 et
1314 5566 1437 5623 peccare
1454 5548 1599 5622 prohihet,
1622 5554 1651 5606 ει
1670 5549 1842 5606 exhortatur

1048 5637 1084 5750 aa)
1100 5637 1216 5698 Quoestio
1226 5636 1322 5688 eadem
1334 5652 1366 5689 ex
1382 5638 1445 5713 Mas.
1464 5636 1697 5712 secundigsuerla
1707 5639 1843 5706 interpoat

1018 5704 1141 5766 rugatas
1158 5714 1190 5752 ex
1207 5699 1360 5755 Norol'eat
1379 5714 1604 5770 quinquagesima
1617 5705 1702 5757 εειιε.
