<?xml version="1.0" encoding="UTF-8"?>
<!DOCTYPE html PUBLIC "-//W3C//DTD XHTML 1.0 Transitional//EN"
    "http://www.w3.org/TR/xhtml1/DTD/xhtml1-transitional.dtd">
<html xmlns="http://www.w3.org/1999/xhtml" xml:lang="en" lang="en">
 <head>
  <title>
</title>
<meta http-equiv="Content-Type" content="text/html;charset=utf-8" />
  <meta name='ocr-system' content='tesseract 3.04.00' />
  <meta name='ocr-capabilities' content='ocr_page ocr_carea ocr_par ocr_line ocrx_word'/>
</head>
<body>
  <div class='ocr_page' id='page_1' title='image "./patrologiaecurs07saingoog_0327.png"; bbox 0 0 3952 6150; ppageno 0'>
   <div class='ocr_carea' id='block_1_1' title="bbox 621 305 1912 381">
    <p class='ocr_par' dir='ltr' id='par_1_1' title="bbox 621 305 1912 381">
     <span class='ocr_line' id='line_1_1' title="bbox 621 305 1912 381; baseline -0.004 -7"><span class='ocrx_word' id='word_1_1' title='bbox 621 312 661 374; x_wconf 91' lang='lat' dir='ltr'><strong>IN</strong></span> <span class='ocrx_word' id='word_1_2' title='bbox 683 306 848 374; x_wconf 80' lang='lat' dir='ltr'><strong>tuturus</strong></span> <span class='ocrx_word' id='word_1_3' title='bbox 869 305 1142 381; x_wconf 77' lang='lat' dir='ltr'><strong>attudeorum,</strong></span> <span class='ocrx_word' id='word_1_4' title='bbox 1165 306 1198 370; x_wconf 78' lang='lat' dir='ltr'><strong>S.</strong></span> <span class='ocrx_word' id='word_1_5' title='bbox 1221 306 1432 373; x_wconf 76' lang='lat' dir='ltr'><strong>tenuerint</strong></span> <span class='ocrx_word' id='word_1_6' title='bbox 1833 307 1912 372; x_wconf 79' lang='lat' dir='ltr'><strong>tute</strong></span> 
     </span>
    </p>
   </div>
   <div class='ocr_carea' id='block_1_2' title="bbox 151 318 227 384">
    <p class='ocr_par' dir='ltr' id='par_1_2' title="bbox 151 318 227 384">
     <span class='ocr_line' id='line_1_2' title="bbox 151 318 227 384; baseline -0.066 0"><span class='ocrx_word' id='word_1_7' title='bbox 151 318 227 384; x_wconf 81' lang='lat' dir='ltr'><strong>test</strong></span> 
     </span>
    </p>
   </div>
   <div class='ocr_carea' id='block_1_3' title="bbox 149 442 1911 704">
    <p class='ocr_par' dir='ltr' id='par_1_3' title="bbox 149 442 1911 704">
     <span class='ocr_line' id='line_1_3' title="bbox 151 442 1910 531; baseline -0.006 -17"><span class='ocrx_word' id='word_1_8' title='bbox 151 456 227 531; x_wconf 87' lang='lat' dir='ltr'><strong>quod</strong></span> <span class='ocrx_word' id='word_1_9' title='bbox 249 455 341 512; x_wconf 86' lang='lat' dir='ltr'><strong>luerat</strong></span> <span class='ocrx_word' id='word_1_10' title='bbox 364 449 611 526; x_wconf 66' lang='lat' dir='ltr'><strong>pretermissum</strong></span> <span class='ocrx_word' id='word_1_11' title='bbox 627 452 656 506; x_wconf 91' lang='lat' dir='ltr'><strong>ot</strong></span> <span class='ocrx_word' id='word_1_12' title='bbox 670 452 768 505; x_wconf 89' lang='lat' dir='ltr'><strong>tamen</strong></span> <span class='ocrx_word' id='word_1_13' title='bbox 784 443 865 518; x_wconf 83' lang='lat' dir='ltr'><strong>quasi</strong></span> <span class='ocrx_word' id='word_1_14' title='bbox 879 443 935 501; x_wconf 93' lang='lat' dir='ltr'><strong>boc</strong></span> <span class='ocrx_word' id='word_1_15' title='bbox 949 457 998 500; x_wconf 91' lang='lat' dir='ltr'><strong>se·</strong></span> <span class='ocrx_word' id='word_1_16' title='bbox 1054 442 1156 514; x_wconf 83' lang='lat' dir='ltr'><strong>iuerat,</strong></span> <span class='ocrx_word' id='word_1_17' title='bbox 1174 459 1227 502; x_wconf 89' lang='lat' dir='ltr'><strong>neo</strong></span> <span class='ocrx_word' id='word_1_18' title='bbox 1251 444 1393 504; x_wconf 89' lang='lat' dir='ltr'><strong>memorie</strong></span> <span class='ocrx_word' id='word_1_19' title='bbox 1416 445 1595 504; x_wconf 86' lang='lat' dir='ltr'><strong>remanebat.</strong></span> <span class='ocrx_word' id='word_1_20' title='bbox 1610 448 1742 506; x_wconf 78' lang='lat' dir='ltr'><strong>Tenebat</strong></span> <span class='ocrx_word' id='word_1_21' title='bbox 1756 448 1859 520; x_wconf 88' lang='lat' dir='ltr'><strong>itaque</strong></span> <span class='ocrx_word' id='word_1_22' title='bbox 1874 447 1910 504; x_wconf 88' lang='lat' dir='ltr'><strong>ad</strong></span> 
     </span>
     <span class='ocr_line' id='line_1_4' title="bbox 149 535 1911 626; baseline -0.006 -22"><span class='ocrx_word' id='word_1_23' title='bbox 149 552 288 622; x_wconf 78' lang='lat' dir='ltr'>queretur</span> <span class='ocrx_word' id='word_1_24' title='bbox 302 545 476 616; x_wconf 86' lang='lat' dir='ltr'><strong>adjunctum</strong></span> <span class='ocrx_word' id='word_1_25' title='bbox 492 545 546 598; x_wconf 90' lang='lat' dir='ltr'><strong>est.</strong></span> <span class='ocrx_word' id='word_1_26' title='bbox 562 540 633 597; x_wconf 85' lang='lat' dir='ltr'><strong>Cum</strong></span> <span class='ocrx_word' id='word_1_27' title='bbox 650 539 727 595; x_wconf 90' lang='lat' dir='ltr'><strong>enlm</strong></span> <span class='ocrx_word' id='word_1_28' title='bbox 739 537 802 610; x_wconf 88' lang='lat' dir='ltr'><strong>jam</strong></span> <span class='ocrx_word' id='word_1_29' title='bbox 817 536 947 604; x_wconf 77' lang='lat' dir='ltr'>dixisset,</span> <span class='ocrx_word' id='word_1_30' title='bbox 959 548 1001 592; x_wconf 89' lang='lat' dir='ltr'><strong>ue·</strong></span> <span class='ocrx_word' id='word_1_31' title='bbox 1055 538 1277 592; x_wconf 91' lang='lat' dir='ltr'><strong>monumentum</strong></span> <span class='ocrx_word' id='word_1_32' title='bbox 1297 536 1360 626; x_wconf 82' lang='lat' dir='ltr'><strong>jam</strong></span> <span class='ocrx_word' id='word_1_33' title='bbox 1386 535 1469 592; x_wconf 91' lang='lat' dir='ltr'><strong>dolor</strong></span> <span class='ocrx_word' id='word_1_34' title='bbox 1489 536 1544 593; x_wconf 88' lang='lat' dir='ltr'><strong>isto</strong></span> <span class='ocrx_word' id='word_1_35' title='bbox 1568 536 1732 595; x_wconf 86' lang='lat' dir='ltr'><strong>mulierem.</strong></span> <span class='ocrx_word' id='word_1_36' title='bbox 1753 537 1823 593; x_wconf 75' lang='lat' dir='ltr'><strong>Crem</strong></span> <span class='ocrx_word' id='word_1_37' title='bbox 1846 553 1911 606; x_wconf 79' lang='lat' dir='ltr'><strong>erpo</strong></span> 
     </span>
     <span class='ocr_line' id='line_1_5' title="bbox 149 624 1911 704; baseline -0.007 -9"><span class='ocrx_word' id='word_1_38' title='bbox 149 633 736 704; x_wconf 86' lang='lat' dir='ltr'><strong>neruntodmouumentum,regressusest</strong></span> <span class='ocrx_word' id='word_1_39' title='bbox 747 635 777 684; x_wconf 95' lang='lat' dir='ltr'><strong>ut</strong></span> <span class='ocrx_word' id='word_1_40' title='bbox 788 630 919 684; x_wconf 74' lang='lat' dir='ltr'><strong>narraret</strong></span> <span class='ocrx_word' id='word_1_41' title='bbox 930 640 1000 698; x_wconf 88' lang='lat' dir='ltr'><strong>quc-</strong></span> <span class='ocrx_word' id='word_1_42' title='bbox 1053 625 1141 695; x_wconf 76' lang='lat' dir='ltr'><strong>tleret,</strong></span> <span class='ocrx_word' id='word_1_43' title='bbox 1157 624 1304 682; x_wconf 86' lang='lat' dir='ltr'><strong>inelinavit</strong></span> <span class='ocrx_word' id='word_1_44' title='bbox 1316 640 1345 682; x_wconf 87' lang='lat' dir='ltr'><strong>se</strong></span> <span class='ocrx_word' id='word_1_45' title='bbox 1364 631 1392 684; x_wconf 90' lang='lat' dir='ltr'><strong>et</strong></span> <span class='ocrx_word' id='word_1_46' title='bbox 1409 632 1550 699; x_wconf 79' lang='lat' dir='ltr'><strong>prospexit</strong></span> <span class='ocrx_word' id='word_1_47' title='bbox 1564 627 1595 683; x_wconf 92' lang='lat' dir='ltr'><strong>in</strong></span> <span class='ocrx_word' id='word_1_48' title='bbox 1614 639 1836 685; x_wconf 76' lang='lat' dir='ltr'><strong><em>monumentum.</em></strong></span> <span class='ocrx_word' id='word_1_49' title='bbox 1853 628 1911 686; x_wconf 86' lang='lat' dir='ltr'><strong>Cur</strong></span> 
     </span>
    </p>
   </div>
   <div class='ocr_carea' id='block_1_4' title="bbox 136 711 998 3680">
    <p class='ocr_par' dir='ltr' id='par_1_4' title="bbox 147 711 998 1071">
     <span class='ocr_line' id='line_1_6' title="bbox 151 711 998 794; baseline -0.019 -10"><span class='ocrx_word' id='word_1_50' title='bbox 151 728 237 785; x_wconf 89' lang='lat' dir='ltr'><strong>modo</strong></span> <span class='ocrx_word' id='word_1_51' title='bbox 247 730 404 790; x_wconf 85' lang='lat' dir='ltr'><strong>reueruut;</strong></span> <span class='ocrx_word' id='word_1_52' title='bbox 417 729 504 794; x_wconf 87' lang='lat' dir='ltr'><strong>atqua</strong></span> <span class='ocrx_word' id='word_1_53' title='bbox 515 721 566 791; x_wconf 86' lang='lat' dir='ltr'><strong>ait,</strong></span> <span class='ocrx_word' id='word_1_54' title='bbox 577 720 723 776; x_wconf 81' lang='lat' dir='ltr'><strong>currebant</strong></span> <span class='ocrx_word' id='word_1_55' title='bbox 734 722 824 774; x_wconf 84' lang='lat' dir='ltr'><strong>autern</strong></span> <span class='ocrx_word' id='word_1_56' title='bbox 836 719 890 773; x_wconf 86' lang='lat' dir='ltr'><strong>duo</strong></span> <span class='ocrx_word' id='word_1_57' title='bbox 901 711 998 783; x_wconf 88' lang='lat' dir='ltr'><strong>simul,</strong></span> 
     </span>
     <span class='ocr_line' id='line_1_7' title="bbox 149 808 998 884; baseline -0.016 -9"><span class='ocrx_word' id='word_1_58' title='bbox 149 822 204 875; x_wconf 88' lang='lat' dir='ltr'><strong>oto.</strong></span> <span class='ocrx_word' id='word_1_59' title='bbox 220 814 275 874; x_wconf 85' lang='lat' dir='ltr'><strong>Ubi</strong></span> <span class='ocrx_word' id='word_1_60' title='bbox 291 812 416 871; x_wconf 74' lang='lat' dir='ltr'><strong>ostendit</strong></span> <span class='ocrx_word' id='word_1_61' title='bbox 431 812 510 884; x_wconf 89' lang='lat' dir='ltr'><strong>quod</strong></span> <span class='ocrx_word' id='word_1_62' title='bbox 526 825 707 884; x_wconf 79' lang='lat' dir='ltr'><strong>praecurrens</strong></span> <span class='ocrx_word' id='word_1_63' title='bbox 723 808 758 864; x_wconf 90' lang='lat' dir='ltr'><strong>ad</strong></span> <span class='ocrx_word' id='word_1_64' title='bbox 774 814 998 864; x_wconf 87' lang='lat' dir='ltr'><strong>mouumentum</strong></span> 
     </span>
     <span class='ocr_line' id='line_1_8' title="bbox 150 896 998 979; baseline -0.014 -16"><span class='ocrx_word' id='word_1_65' title='bbox 150 905 227 979; x_wconf 87' lang='lat' dir='ltr'><strong>prior</strong></span> <span class='ocrx_word' id='word_1_66' title='bbox 241 902 352 962; x_wconf 86' lang='lat' dir='ltr'><strong>venerit</strong></span> <span class='ocrx_word' id='word_1_67' title='bbox 366 902 443 958; x_wconf 85' lang='lat' dir='ltr'><strong>alius</strong></span> <span class='ocrx_word' id='word_1_68' title='bbox 459 900 507 958; x_wconf 90' lang='lat' dir='ltr'><strong>illo</strong></span> <span class='ocrx_word' id='word_1_69' title='bbox 521 898 694 970; x_wconf 89' lang='lat' dir='ltr'><strong>discipulus,</strong></span> <span class='ocrx_word' id='word_1_70' title='bbox 712 913 798 970; x_wconf 91' lang='lat' dir='ltr'><strong>quom</strong></span> <span class='ocrx_word' id='word_1_71' title='bbox 815 898 944 970; x_wconf 90' lang='lat' dir='ltr'><strong>seipsum</strong></span> <span class='ocrx_word' id='word_1_72' title='bbox 959 896 998 953; x_wconf 88' lang='lat' dir='ltr'><strong>si·</strong></span> 
     </span>
     <span class='ocr_line' id='line_1_9' title="bbox 147 986 890 1071; baseline -0.016 -17"><span class='ocrx_word' id='word_1_73' title='bbox 147 996 277 1071; x_wconf 83' lang='lat' dir='ltr'><strong>gnificat,</strong></span> <span class='ocrx_word' id='word_1_74' title='bbox 293 994 344 1050; x_wconf 89' lang='lat' dir='ltr'><strong>sed</strong></span> <span class='ocrx_word' id='word_1_75' title='bbox 359 996 499 1064; x_wconf 89' lang='lat' dir='ltr'><strong>tanquam</strong></span> <span class='ocrx_word' id='word_1_76' title='bbox 515 992 551 1046; x_wconf 92' lang='lat' dir='ltr'><strong>de</strong></span> <span class='ocrx_word' id='word_1_77' title='bbox 565 988 622 1045; x_wconf 90' lang='lat' dir='ltr'><strong>alio</strong></span> <span class='ocrx_word' id='word_1_78' title='bbox 636 992 739 1044; x_wconf 87' lang='lat' dir='ltr'><strong>cuncta</strong></span> <span class='ocrx_word' id='word_1_79' title='bbox 755 990 855 1043; x_wconf 87' lang='lat' dir='ltr'><strong>narrat</strong></span> <span class='ocrx_word' id='word_1_80' title='bbox 871 986 890 1042; x_wconf 85' lang='lat'><strong>¹.</strong></span> 
     </span>
    </p>

    <p class='ocr_par' dir='ltr' id='par_1_5' title="bbox 143 1075 998 2148">
     <span class='ocr_line' id='line_1_10' title="bbox 182 1075 998 1150; baseline -0.009 -9"><span class='ocrx_word' id='word_1_81' title='bbox 182 1088 209 1145; x_wconf 89' lang='lat'><strong>8.</strong></span> <span class='ocrx_word' id='word_1_82' title='bbox 228 1085 290 1140; x_wconf 77' lang='lat' dir='ltr'><strong>alit</strong></span> <span class='ocrx_word' id='word_1_83' title='bbox 305 1099 371 1140; x_wconf 90' lang='lat' dir='ltr'><strong>cum</strong></span> <span class='ocrx_word' id='word_1_84' title='bbox 388 1099 419 1139; x_wconf 91' lang='lat' dir='ltr'><strong>se</strong></span> <span class='ocrx_word' id='word_1_85' title='bbox 433 1080 616 1145; x_wconf 79' lang='lat' dir='ltr'><strong>inclinasset,</strong></span> <span class='ocrx_word' id='word_1_86' title='bbox 633 1077 737 1150; x_wconf 89' lang='lat' dir='ltr'><strong>inquit,</strong></span> <span class='ocrx_word' id='word_1_87' title='bbox 750 1076 821 1133; x_wconf 84' lang='lat' dir='ltr'><strong>sidit</strong></span> <span class='ocrx_word' id='word_1_88' title='bbox 836 1076 931 1148; x_wconf 87' lang='lat' dir='ltr'><strong>posita</strong></span> <span class='ocrx_word' id='word_1_89' title='bbox 945 1075 998 1134; x_wconf 92' lang='lat' dir='ltr'><strong>lin·</strong></span> 
     </span>
     <span class='ocr_line' id='line_1_11' title="bbox 148 1165 997 1244; baseline -0.012 -12"><span class='ocrx_word' id='word_1_90' title='bbox 148 1176 285 1244; x_wconf 83' lang='lat' dir='ltr'><strong>toarcius,</strong></span> <span class='ocrx_word' id='word_1_91' title='bbox 300 1189 357 1230; x_wconf 90' lang='lat' dir='ltr'><strong>aon</strong></span> <span class='ocrx_word' id='word_1_92' title='bbox 373 1176 471 1229; x_wconf 88' lang='lat' dir='ltr'><strong>tamen</strong></span> <span class='ocrx_word' id='word_1_93' title='bbox 488 1167 626 1226; x_wconf 86' lang='lat' dir='ltr'><strong>introivit.</strong></span> <span class='ocrx_word' id='word_1_94' title='bbox 642 1166 726 1223; x_wconf 82' lang='lat' dir='ltr'><strong>Venit</strong></span> <span class='ocrx_word' id='word_1_95' title='bbox 744 1182 812 1239; x_wconf 82' lang='lat' dir='ltr'><strong>orgo</strong></span> <span class='ocrx_word' id='word_1_96' title='bbox 832 1166 932 1222; x_wconf 88' lang='lat' dir='ltr'><strong>Simon</strong></span> <span class='ocrx_word' id='word_1_97' title='bbox 948 1165 997 1222; x_wconf 84' lang='lat' dir='ltr'><strong>l’o·</strong></span> 
     </span>
     <span class='ocr_line' id='line_1_12' title="bbox 147 1256 997 1338; baseline -0.012 -15"><span class='ocrx_word' id='word_1_98' title='bbox 147 1275 210 1323; x_wconf 90' lang='lat' dir='ltr'><strong>trus</strong></span> <span class='ocrx_word' id='word_1_99' title='bbox 235 1279 358 1338; x_wconf 88' lang='lat' dir='ltr'><strong>sequens</strong></span> <span class='ocrx_word' id='word_1_100' title='bbox 381 1277 458 1329; x_wconf 84' lang='lat' dir='ltr'><strong>eum,</strong></span> <span class='ocrx_word' id='word_1_101' title='bbox 475 1265 504 1317; x_wconf 87' lang='lat' dir='ltr'><strong>ot</strong></span> <span class='ocrx_word' id='word_1_102' title='bbox 526 1256 654 1316; x_wconf 78' lang='lat' dir='ltr'><strong>introivit</strong></span> <span class='ocrx_word' id='word_1_103' title='bbox 668 1257 697 1312; x_wconf 92' lang='lat' dir='ltr'><strong>iu</strong></span> <span class='ocrx_word' id='word_1_104' title='bbox 715 1260 953 1327; x_wconf 68' lang='lat' dir='ltr'><strong>monumentum</strong></span> <span class='ocrx_word' id='word_1_105' title='bbox 969 1259 997 1313; x_wconf 88' lang='lat' dir='ltr'><strong>ot</strong></span> 
     </span>
     <span class='ocr_line' id='line_1_13' title="bbox 146 1346 998 1425; baseline -0.013 -13"><span class='ocrx_word' id='word_1_106' title='bbox 146 1354 218 1412; x_wconf 86' lang='lat' dir='ltr'><strong>vidit</strong></span> <span class='ocrx_word' id='word_1_107' title='bbox 227 1352 398 1411; x_wconf 88' lang='lat' dir='ltr'><strong>linteamina</strong></span> <span class='ocrx_word' id='word_1_108' title='bbox 410 1351 547 1425; x_wconf 87' lang='lat' dir='ltr'><strong>posite,et</strong></span> <span class='ocrx_word' id='word_1_109' title='bbox 559 1347 706 1404; x_wconf 89' lang='lat' dir='ltr'><strong>sudarium</strong></span> <span class='ocrx_word' id='word_1_110' title='bbox 719 1346 794 1419; x_wconf 88' lang='lat' dir='ltr'><strong>quod</strong></span> <span class='ocrx_word' id='word_1_111' title='bbox 808 1346 899 1401; x_wconf 91' lang='lat' dir='ltr'><strong>luerat</strong></span> <span class='ocrx_word' id='word_1_112' title='bbox 909 1361 998 1416; x_wconf 90' lang='lat' dir='ltr'><strong>super</strong></span> 
     </span>
     <span class='ocr_line' id='line_1_14' title="bbox 145 1435 996 1517; baseline -0.016 -14"><span class='ocrx_word' id='word_1_113' title='bbox 145 1449 233 1517; x_wconf 87' lang='lat' dir='ltr'><strong>eaput</strong></span> <span class='ocrx_word' id='word_1_114' title='bbox 247 1445 320 1515; x_wconf 88' lang='lat' dir='ltr'><strong>ejus,</strong></span> <span class='ocrx_word' id='word_1_115' title='bbox 335 1459 393 1499; x_wconf 92' lang='lat' dir='ltr'><strong>non</strong></span> <span class='ocrx_word' id='word_1_116' title='bbox 409 1456 476 1497; x_wconf 94' lang='lat' dir='ltr'><strong>cum</strong></span> <span class='ocrx_word' id='word_1_117' title='bbox 492 1437 712 1495; x_wconf 88' lang='lat' dir='ltr'><strong>linteaminibus</strong></span> <span class='ocrx_word' id='word_1_118' title='bbox 730 1435 869 1508; x_wconf 91' lang='lat' dir='ltr'><strong>positum,</strong></span> <span class='ocrx_word' id='word_1_119' title='bbox 885 1435 933 1490; x_wconf 87' lang='lat' dir='ltr'><strong>sed</strong></span> <span class='ocrx_word' id='word_1_120' title='bbox 950 1448 996 1491; x_wconf 91' lang='lat' dir='ltr'><strong>se·</strong></span> 
     </span>
     <span class='ocr_line' id='line_1_15' title="bbox 146 1527 997 1610; baseline -0.009 -16"><span class='ocrx_word' id='word_1_121' title='bbox 146 1536 268 1610; x_wconf 76' lang='lat' dir='ltr'><strong>paratim</strong></span> <span class='ocrx_word' id='word_1_122' title='bbox 298 1533 459 1591; x_wconf 89' lang='lat' dir='ltr'><strong>involutum</strong></span> <span class='ocrx_word' id='word_1_123' title='bbox 488 1530 519 1587; x_wconf 92' lang='lat' dir='ltr'><strong>in</strong></span> <span class='ocrx_word' id='word_1_124' title='bbox 548 1547 640 1588; x_wconf 91' lang='lat' dir='ltr'><strong>unum</strong></span> <span class='ocrx_word' id='word_1_125' title='bbox 664 1529 801 1586; x_wconf 88' lang='lat' dir='ltr'><strong>locum.»</strong></span> <span class='ocrx_word' id='word_1_126' title='bbox 819 1527 997 1586; x_wconf 89' lang='lat' dir='ltr'><strong>Putamusne</strong></span> 
     </span>
     <span class='ocr_line' id='line_1_16' title="bbox 146 1617 995 1697; baseline -0.013 -13"><span class='ocrx_word' id='word_1_127' title='bbox 146 1626 221 1684; x_wconf 90' lang='lat' dir='ltr'><strong>nibil</strong></span> <span class='ocrx_word' id='word_1_128' title='bbox 233 1626 289 1683; x_wconf 89' lang='lat' dir='ltr'><strong>ista</strong></span> <span class='ocrx_word' id='word_1_129' title='bbox 300 1622 684 1697; x_wconf 81' lang='lat' dir='ltr'><strong>significantiNequnquam</strong></span> <span class='ocrx_word' id='word_1_130' title='bbox 697 1619 750 1675; x_wconf 91' lang='lat' dir='ltr'><strong>boc</strong></span> <span class='ocrx_word' id='word_1_131' title='bbox 762 1617 995 1687; x_wconf 79' lang='lat' dir='ltr'><strong>putaverimsed</strong></span> 
     </span>
     <span class='ocr_line' id='line_1_17' title="bbox 145 1708 995 1783; baseline -0.009 -10"><span class='ocrx_word' id='word_1_132' title='bbox 145 1716 181 1773; x_wconf 82' lang='lat' dir='ltr'><strong>ad</strong></span> <span class='ocrx_word' id='word_1_133' title='bbox 206 1715 264 1773; x_wconf 86' lang='lat' dir='ltr'><strong>alia</strong></span> <span class='ocrx_word' id='word_1_134' title='bbox 287 1713 470 1782; x_wconf 72' lang='lat' dir='ltr'><strong>festinamus,</strong></span> <span class='ocrx_word' id='word_1_135' title='bbox 486 1711 516 1767; x_wconf 91' lang='lat' dir='ltr'><strong>in</strong></span> <span class='ocrx_word' id='word_1_136' title='bbox 541 1709 645 1783; x_wconf 75' lang='lat' dir='ltr'><strong>quilius</strong></span> <span class='ocrx_word' id='word_1_137' title='bbox 660 1708 810 1764; x_wconf 90' lang='lat' dir='ltr'><strong>immorari</strong></span> <span class='ocrx_word' id='word_1_138' title='bbox 827 1708 995 1779; x_wconf 81' lang='lat' dir='ltr'><strong>questionis</strong></span> 
     </span>
     <span class='ocr_line' id='line_1_18' title="bbox 143 1798 992 1876; baseline -0.013 -10"><span class='ocrx_word' id='word_1_139' title='bbox 143 1798 992 1876; x_wconf 82' lang='lat' dir='ltr'><strong>rolobscuritatisalicujusneoossitatocompellimur.Nam</strong></span> 
     </span>
     <span class='ocr_line' id='line_1_19' title="bbox 144 1887 992 1969; baseline -0.012 -14"><span class='ocrx_word' id='word_1_140' title='bbox 144 1897 268 1969; x_wconf 78' lang='lat' dir='ltr'><strong>istaque</strong></span> <span class='ocrx_word' id='word_1_141' title='bbox 280 1895 435 1968; x_wconf 89' lang='lat' dir='ltr'><strong>perseipss</strong></span> <span class='ocrx_word' id='word_1_142' title='bbox 446 1891 600 1949; x_wconf 75' lang='lat' dir='ltr'><strong>manifesta</strong></span> <span class='ocrx_word' id='word_1_143' title='bbox 611 1887 770 1961; x_wconf 90' lang='lat' dir='ltr'><strong>sunt,quid</strong></span> <span class='ocrx_word' id='word_1_144' title='bbox 781 1887 992 1960; x_wconf 85' lang='lat' dir='ltr'><strong>singulaetiam</strong></span> 
     </span>
     <span class='ocr_line' id='line_1_20' title="bbox 145 1976 993 2061; baseline -0.012 -17"><span class='ocrx_word' id='word_1_145' title='bbox 145 1986 322 2061; x_wconf 83' lang='lat' dir='ltr'><strong>significent,</strong></span> <span class='ocrx_word' id='word_1_146' title='bbox 334 1997 461 2058; x_wconf 79' lang='lat' dir='ltr'><strong>quarere</strong></span> <span class='ocrx_word' id='word_1_147' title='bbox 477 1985 583 2039; x_wconf 80' lang='lat' dir='ltr'><strong>sancte</strong></span> <span class='ocrx_word' id='word_1_148' title='bbox 600 1978 715 2053; x_wconf 85' lang='lat' dir='ltr'><strong>quidem</strong></span> <span class='ocrx_word' id='word_1_149' title='bbox 730 1976 838 2034; x_wconf 84' lang='lat' dir='ltr'><strong>delicie</strong></span> <span class='ocrx_word' id='word_1_150' title='bbox 855 1983 932 2049; x_wconf 89' lang='lat' dir='ltr'><strong>sunt,</strong></span> <span class='ocrx_word' id='word_1_151' title='bbox 944 1977 993 2034; x_wconf 91' lang='lat' dir='ltr'><strong>sod</strong></span> 
     </span>
     <span class='ocr_line' id='line_1_21' title="bbox 144 2075 676 2148; baseline -0.021 -12"><span class='ocrx_word' id='word_1_152' title='bbox 144 2078 315 2146; x_wconf 89' lang='lat' dir='ltr'><strong>otiosorum,</strong></span> <span class='ocrx_word' id='word_1_153' title='bbox 332 2075 406 2148; x_wconf 91' lang='lat' dir='ltr'><strong>quod</strong></span> <span class='ocrx_word' id='word_1_154' title='bbox 424 2090 481 2129; x_wconf 91' lang='lat' dir='ltr'><strong>non</strong></span> <span class='ocrx_word' id='word_1_155' title='bbox 497 2088 601 2129; x_wconf 90' lang='lat' dir='ltr'><strong>sumus</strong></span> <span class='ocrx_word' id='word_1_156' title='bbox 614 2086 676 2126; x_wconf 91' lang='lat' dir='ltr'><strong>nos.</strong></span> 
     </span>
    </p>

    <p class='ocr_par' dir='ltr' id='par_1_6' title="bbox 136 2159 995 3680">
     <span class='ocr_line' id='line_1_22' title="bbox 178 2159 995 2238; baseline -0.012 -13"><span class='ocrx_word' id='word_1_157' title='bbox 178 2169 207 2225; x_wconf 83' lang='lat'><strong>9.</strong></span> <span class='ocrx_word' id='word_1_158' title='bbox 223 2168 295 2225; x_wconf 80' lang='lat' dir='ltr'><strong>lunc</strong></span> <span class='ocrx_word' id='word_1_159' title='bbox 308 2181 371 2238; x_wconf 71' lang='lat' dir='ltr'><strong>ergo</strong></span> <span class='ocrx_word' id='word_1_160' title='bbox 386 2164 506 2230; x_wconf 89' lang='lat' dir='ltr'><strong>introiit,</strong></span> <span class='ocrx_word' id='word_1_161' title='bbox 522 2168 548 2218; x_wconf 90' lang='lat' dir='ltr'><strong>et</strong></span> <span class='ocrx_word' id='word_1_162' title='bbox 572 2162 618 2217; x_wconf 87' lang='lat' dir='ltr'><strong>ills</strong></span> <span class='ocrx_word' id='word_1_163' title='bbox 637 2159 788 2232; x_wconf 67' lang='lat' dir='ltr'><strong>diminuitis</strong></span> <span class='ocrx_word' id='word_1_164' title='bbox 812 2161 859 2232; x_wconf 83' lang='lat' dir='ltr'><strong>qui</strong></span> <span class='ocrx_word' id='word_1_165' title='bbox 882 2163 995 2215; x_wconf 85' lang='lat' dir='ltr'><strong>verreret</strong></span> 
     </span>
     <span class='ocr_line' id='line_1_23' title="bbox 141 2248 992 2330; baseline -0.012 -16"><span class='ocrx_word' id='word_1_166' title='bbox 141 2257 249 2330; x_wconf 86' lang='lat' dir='ltr'><strong>primus</strong></span> <span class='ocrx_word' id='word_1_167' title='bbox 264 2255 299 2312; x_wconf 81' lang='lat' dir='ltr'><strong>od</strong></span> <span class='ocrx_word' id='word_1_168' title='bbox 313 2261 531 2312; x_wconf 83' lang='lat' dir='ltr'><strong>monumentum.</strong></span> <span class='ocrx_word' id='word_1_169' title='bbox 549 2251 630 2310; x_wconf 88' lang='lat' dir='ltr'><strong>Prior</strong></span> <span class='ocrx_word' id='word_1_170' title='bbox 645 2249 731 2317; x_wconf 85' lang='lat' dir='ltr'><strong>venit,</strong></span> <span class='ocrx_word' id='word_1_171' title='bbox 748 2253 776 2304; x_wconf 92' lang='lat' dir='ltr'><strong>ot</strong></span> <span class='ocrx_word' id='word_1_172' title='bbox 791 2249 933 2322; x_wconf 80' lang='lat' dir='ltr'><strong>posterior</strong></span> <span class='ocrx_word' id='word_1_173' title='bbox 947 2248 992 2304; x_wconf 92' lang='lat' dir='ltr'><strong>in·</strong></span> 
     </span>
     <span class='ocr_line' id='line_1_24' title="bbox 142 2338 993 2419; baseline -0.013 -13"><span class='ocrx_word' id='word_1_174' title='bbox 142 2348 240 2406; x_wconf 89' lang='lat' dir='ltr'><strong>trarit.</strong></span> <span class='ocrx_word' id='word_1_175' title='bbox 251 2345 412 2419; x_wconf 89' lang='lat' dir='ltr'><strong>Nequehoo</strong></span> <span class='ocrx_word' id='word_1_176' title='bbox 432 2342 534 2415; x_wconf 87' lang='lat' dir='ltr'><strong>utique</strong></span> <span class='ocrx_word' id='word_1_177' title='bbox 550 2345 644 2408; x_wconf 88' lang='lat' dir='ltr'><strong>vacat,</strong></span> <span class='ocrx_word' id='word_1_178' title='bbox 656 2339 706 2398; x_wconf 87' lang='lat' dir='ltr'><strong>sed</strong></span> <span class='ocrx_word' id='word_1_179' title='bbox 725 2338 797 2395; x_wconf 91' lang='lat' dir='ltr'><strong>mihi</strong></span> <span class='ocrx_word' id='word_1_180' title='bbox 813 2339 848 2396; x_wconf 86' lang='lat' dir='ltr'><strong>ad</strong></span> <span class='ocrx_word' id='word_1_181' title='bbox 866 2338 922 2395; x_wconf 89' lang='lat' dir='ltr'><strong>ista</strong></span> <span class='ocrx_word' id='word_1_182' title='bbox 936 2355 993 2395; x_wconf 92' lang='lat' dir='ltr'><strong>noa</strong></span> 
     </span>
     <span class='ocr_line' id='line_1_25' title="bbox 142 2428 993 2505; baseline -0.012 -11"><span class='ocrx_word' id='word_1_183' title='bbox 142 2440 234 2494; x_wconf 85' lang='lat' dir='ltr'><strong>vacat.</strong></span> <span class='ocrx_word' id='word_1_184' title='bbox 248 2437 279 2492; x_wconf 80' lang='lat' dir='ltr'><strong>Et</strong></span> <span class='ocrx_word' id='word_1_185' title='bbox 292 2433 370 2504; x_wconf 76' lang='lat' dir='ltr'><strong>aridii,</strong></span> <span class='ocrx_word' id='word_1_186' title='bbox 382 2432 488 2505; x_wconf 89' lang='lat' dir='ltr'><strong>iuquit,</strong></span> <span class='ocrx_word' id='word_1_187' title='bbox 500 2438 527 2489; x_wconf 88' lang='lat' dir='ltr'><strong>et</strong></span> <span class='ocrx_word' id='word_1_188' title='bbox 536 2430 663 2488; x_wconf 81' lang='lat' dir='ltr'><strong>credidit.</strong></span> <span class='ocrx_word' id='word_1_189' title='bbox 675 2433 734 2485; x_wconf 81' lang='lat' dir='ltr'><strong>Hoc</strong></span> <span class='ocrx_word' id='word_1_190' title='bbox 745 2428 878 2485; x_wconf 89' lang='lat' dir='ltr'><strong>nonnulli</strong></span> <span class='ocrx_word' id='word_1_191' title='bbox 891 2444 993 2500; x_wconf 90' lang='lat' dir='ltr'><strong>parum</strong></span> 
     </span>
     <span class='ocr_line' id='line_1_26' title="bbox 143 2518 992 2596; baseline -0.012 -12"><span class='ocrx_word' id='word_1_192' title='bbox 143 2527 336 2590; x_wconf 87' lang='lat' dir='ltr'><strong>attendentes,</strong></span> <span class='ocrx_word' id='word_1_193' title='bbox 362 2528 464 2596; x_wconf 89' lang='lat' dir='ltr'><strong>putant</strong></span> <span class='ocrx_word' id='word_1_194' title='bbox 489 2523 542 2577; x_wconf 93' lang='lat' dir='ltr'><strong>boc</strong></span> <span class='ocrx_word' id='word_1_195' title='bbox 568 2522 711 2578; x_wconf 89' lang='lat' dir='ltr'><strong>loannem</strong></span> <span class='ocrx_word' id='word_1_196' title='bbox 736 2518 900 2579; x_wconf 87' lang='lat' dir='ltr'><strong>credidisse,</strong></span> <span class='ocrx_word' id='word_1_197' title='bbox 917 2519 992 2590; x_wconf 92' lang='lat' dir='ltr'><strong>quod</strong></span> 
     </span>
     <span class='ocr_line' id='line_1_27' title="bbox 141 2605 991 2684; baseline -0.011 -11"><span class='ocrx_word' id='word_1_198' title='bbox 141 2615 229 2673; x_wconf 86' lang='lat' dir='ltr'><strong>Josus</strong></span> <span class='ocrx_word' id='word_1_199' title='bbox 239 2614 395 2671; x_wconf 79' lang='lat' dir='ltr'><strong>resurrexit</strong></span> <span class='ocrx_word' id='word_1_200' title='bbox 405 2629 411 2680; x_wconf 89' lang='grc'><strong>;</strong></span> <span class='ocrx_word' id='word_1_201' title='bbox 423 2612 473 2667; x_wconf 90' lang='lat' dir='ltr'><strong>sod</strong></span> <span class='ocrx_word' id='word_1_202' title='bbox 485 2610 562 2684; x_wconf 89' lang='lat' dir='ltr'><strong>quod</strong></span> <span class='ocrx_word' id='word_1_203' title='bbox 572 2608 714 2682; x_wconf 87' lang='lat' dir='ltr'><strong>sequitur,</strong></span> <span class='ocrx_word' id='word_1_204' title='bbox 729 2609 783 2665; x_wconf 89' lang='lat' dir='ltr'><strong>hcc</strong></span> <span class='ocrx_word' id='word_1_205' title='bbox 797 2623 855 2664; x_wconf 91' lang='lat' dir='ltr'><strong>non</strong></span> <span class='ocrx_word' id='word_1_206' title='bbox 871 2605 991 2664; x_wconf 89' lang='lat' dir='ltr'><strong>indicat.</strong></span> 
     </span>
     <span class='ocr_line' id='line_1_28' title="bbox 142 2698 993 2774; baseline -0.012 -12"><span class='ocrx_word' id='word_1_207' title='bbox 142 2704 216 2774; x_wconf 87' lang='lat' dir='ltr'><strong>Quid</strong></span> <span class='ocrx_word' id='word_1_208' title='bbox 237 2703 292 2761; x_wconf 87' lang='lat' dir='ltr'><strong>sibi</strong></span> <span class='ocrx_word' id='word_1_209' title='bbox 312 2703 391 2759; x_wconf 90' lang='lat' dir='ltr'><strong>enim</strong></span> <span class='ocrx_word' id='word_1_210' title='bbox 408 2699 470 2759; x_wconf 87' lang='lat' dir='ltr'><strong>vult</strong></span> <span class='ocrx_word' id='word_1_211' title='bbox 494 2701 567 2773; x_wconf 91' lang='lat' dir='ltr'><strong>quod</strong></span> <span class='ocrx_word' id='word_1_212' title='bbox 592 2699 690 2756; x_wconf 89' lang='lat' dir='ltr'><strong>statim</strong></span> <span class='ocrx_word' id='word_1_213' title='bbox 710 2698 852 2770; x_wconf 80' lang='lat' dir='ltr'><strong>adjunxit,</strong></span> <span class='ocrx_word' id='word_1_214' title='bbox 868 2698 993 2754; x_wconf 82' lang='lat' dir='ltr'><strong>Nondum</strong></span> 
     </span>
     <span class='ocr_line' id='line_1_29' title="bbox 141 2789 993 2863; baseline -0.008 -11"><span class='ocrx_word' id='word_1_215' title='bbox 141 2796 216 2853; x_wconf 89' lang='lat' dir='ltr'><strong>enim</strong></span> <span class='ocrx_word' id='word_1_216' title='bbox 229 2792 354 2850; x_wconf 83' lang='lat' dir='ltr'><strong>sciebant</strong></span> <span class='ocrx_word' id='word_1_217' title='bbox 369 2791 551 2863; x_wconf 83' lang='lat' dir='ltr'><strong>Scriptorum,</strong></span> <span class='ocrx_word' id='word_1_218' title='bbox 567 2789 632 2861; x_wconf 81' lang='lat' dir='ltr'><strong>quio</strong></span> <span class='ocrx_word' id='word_1_219' title='bbox 646 2793 749 2860; x_wconf 82' lang='lat' dir='ltr'><strong>oportet</strong></span> <span class='ocrx_word' id='word_1_220' title='bbox 764 2803 827 2843; x_wconf 90' lang='lat' dir='ltr'><strong>eum</strong></span> <span class='ocrx_word' id='word_1_221' title='bbox 841 2804 859 2844; x_wconf 87' lang='lat' dir='ltr'><strong>a</strong></span> <span class='ocrx_word' id='word_1_222' title='bbox 873 2789 993 2845; x_wconf 85' lang='lat' dir='ltr'><strong>mortuis</strong></span> 
     </span>
     <span class='ocr_line' id='line_1_30' title="bbox 141 2878 991 2956; baseline -0.011 -13"><span class='ocrx_word' id='word_1_223' title='bbox 141 2883 303 2956; x_wconf 77' lang='lat' dir='ltr'><strong>resurgere?</strong></span> <span class='ocrx_word' id='word_1_224' title='bbox 317 2881 379 2940; x_wconf 88' lang='lat' dir='ltr'><strong>Non</strong></span> <span class='ocrx_word' id='word_1_225' title='bbox 397 2895 465 2952; x_wconf 87' lang='lat' dir='ltr'><strong>ergo</strong></span> <span class='ocrx_word' id='word_1_226' title='bbox 476 2894 541 2936; x_wconf 90' lang='lat' dir='ltr'><strong>oum</strong></span> <span class='ocrx_word' id='word_1_227' title='bbox 554 2879 674 2934; x_wconf 74' lang='lat' dir='ltr'><strong>creditit</strong></span> <span class='ocrx_word' id='word_1_228' title='bbox 689 2878 891 2943; x_wconf 79' lang='lat' dir='ltr'><strong>resurrexisse,</strong></span> <span class='ocrx_word' id='word_1_229' title='bbox 903 2893 991 2950; x_wconf 89' lang='lat' dir='ltr'><strong>quem</strong></span> 
     </span>
     <span class='ocr_line' id='line_1_31' title="bbox 141 2967 990 3045; baseline -0.014 -11"><span class='ocrx_word' id='word_1_230' title='bbox 141 2975 289 3033; x_wconf 78' lang='lat' dir='ltr'><strong>nesciebat</strong></span> <span class='ocrx_word' id='word_1_231' title='bbox 312 2978 444 3045; x_wconf 89' lang='lat' dir='ltr'><strong>oportere</strong></span> <span class='ocrx_word' id='word_1_232' title='bbox 459 2985 621 3043; x_wconf 83' lang='lat' dir='ltr'><strong>resurgere.</strong></span> <span class='ocrx_word' id='word_1_233' title='bbox 638 2968 710 3036; x_wconf 87' lang='lat' dir='ltr'><strong>Quid</strong></span> <span class='ocrx_word' id='word_1_234' title='bbox 727 2984 793 3039; x_wconf 90' lang='lat' dir='ltr'><strong>ergo</strong></span> <span class='ocrx_word' id='word_1_235' title='bbox 809 2967 905 3025; x_wconf 80' lang='lat' dir='ltr'><strong>vidit?</strong></span> <span class='ocrx_word' id='word_1_236' title='bbox 920 2967 990 3041; x_wconf 90' lang='lat' dir='ltr'><strong>quid</strong></span> 
     </span>
     <span class='ocr_line' id='line_1_32' title="bbox 139 3057 992 3129; baseline -0.012 -4"><span class='ocrx_word' id='word_1_237' title='bbox 139 3062 373 3125; x_wconf 82' lang='lat' dir='ltr'><strong>credidittVidit</strong></span> <span class='ocrx_word' id='word_1_238' title='bbox 383 3060 495 3119; x_wconf 85' lang='lat' dir='ltr'><strong>scilicet</strong></span> <span class='ocrx_word' id='word_1_239' title='bbox 510 3060 595 3116; x_wconf 87' lang='lat' dir='ltr'><strong>inane</strong></span> <span class='ocrx_word' id='word_1_240' title='bbox 606 3064 839 3129; x_wconf 90' lang='lat' dir='ltr'><strong>monumentum,</strong></span> <span class='ocrx_word' id='word_1_241' title='bbox 856 3064 883 3116; x_wconf 92' lang='lat' dir='ltr'><strong>et</strong></span> <span class='ocrx_word' id='word_1_242' title='bbox 898 3057 992 3116; x_wconf 88' lang='lat' dir='ltr'><strong>credi-</strong></span> 
     </span>
     <span class='ocr_line' id='line_1_33' title="bbox 139 3149 990 3230; baseline -0.007 -17"><span class='ocrx_word' id='word_1_243' title='bbox 139 3157 181 3214; x_wconf 85' lang='lat' dir='ltr'><strong>dit</strong></span> <span class='ocrx_word' id='word_1_244' title='bbox 203 3155 280 3230; x_wconf 90' lang='lat' dir='ltr'><strong>qucd</strong></span> <span class='ocrx_word' id='word_1_245' title='bbox 306 3153 420 3210; x_wconf 90' lang='lat' dir='ltr'><strong>dixerat</strong></span> <span class='ocrx_word' id='word_1_246' title='bbox 443 3150 559 3219; x_wconf 88' lang='lat' dir='ltr'><strong>mulier,</strong></span> <span class='ocrx_word' id='word_1_247' title='bbox 576 3165 643 3205; x_wconf 90' lang='lat' dir='ltr'><strong>eum</strong></span> <span class='ocrx_word' id='word_1_248' title='bbox 659 3149 694 3207; x_wconf 93' lang='lat' dir='ltr'><strong>do</strong></span> <span class='ocrx_word' id='word_1_249' title='bbox 719 3157 909 3206; x_wconf 90' lang='lat' dir='ltr'><strong>monumento</strong></span> <span class='ocrx_word' id='word_1_250' title='bbox 929 3165 990 3207; x_wconf 90' lang='lat' dir='ltr'><strong>osso</strong></span> 
     </span>
     <span class='ocr_line' id='line_1_34' title="bbox 139 3239 991 3312; baseline -0.008 -8"><span class='ocrx_word' id='word_1_251' title='bbox 139 3245 299 3305; x_wconf 90' lang='lat' dir='ltr'><strong>sublatum.</strong></span> <span class='ocrx_word' id='word_1_252' title='bbox 325 3244 455 3301; x_wconf 81' lang='lat' dir='ltr'><strong>Nondum</strong></span> <span class='ocrx_word' id='word_1_253' title='bbox 479 3242 554 3297; x_wconf 91' lang='lat' dir='ltr'><strong>enim</strong></span> <span class='ocrx_word' id='word_1_254' title='bbox 577 3239 698 3296; x_wconf 83' lang='lat' dir='ltr'><strong>sciebant</strong></span> <span class='ocrx_word' id='word_1_255' title='bbox 721 3241 907 3312; x_wconf 75' lang='lat' dir='ltr'><strong>Scriptorum,</strong></span> <span class='ocrx_word' id='word_1_256' title='bbox 923 3241 991 3312; x_wconf 81' lang='lat' dir='ltr'><strong>puio</strong></span> 
     </span>
     <span class='ocr_line' id='line_1_35' title="bbox 137 3330 989 3411; baseline -0.009 -16"><span class='ocrx_word' id='word_1_257' title='bbox 137 3341 275 3411; x_wconf 79' lang='lat' dir='ltr'><strong>oporteret</strong></span> <span class='ocrx_word' id='word_1_258' title='bbox 289 3352 352 3393; x_wconf 90' lang='lat' dir='ltr'><strong>eum</strong></span> <span class='ocrx_word' id='word_1_259' title='bbox 375 3352 393 3391; x_wconf 89' lang='lat' dir='ltr'><strong>o</strong></span> <span class='ocrx_word' id='word_1_260' title='bbox 407 3334 521 3389; x_wconf 79' lang='lat' dir='ltr'><strong>mortuis</strong></span> <span class='ocrx_word' id='word_1_261' title='bbox 537 3347 686 3403; x_wconf 76' lang='lat' dir='ltr'><strong>resurgere.</strong></span> <span class='ocrx_word' id='word_1_262' title='bbox 703 3331 739 3388; x_wconf 81' lang='lat' dir='ltr'><strong>ut</strong></span> <span class='ocrx_word' id='word_1_263' title='bbox 752 3331 816 3387; x_wconf 89' lang='lat' dir='ltr'><strong>ideo</strong></span> <span class='ocrx_word' id='word_1_264' title='bbox 828 3332 945 3404; x_wconf 90' lang='lat' dir='ltr'><strong>quando</strong></span> <span class='ocrx_word' id='word_1_265' title='bbox 960 3330 989 3387; x_wconf 91' lang='lat' dir='ltr'><strong>id</strong></span> 
     </span>
     <span class='ocr_line' id='line_1_36' title="bbox 137 3420 990 3502; baseline -0.012 -16"><span class='ocrx_word' id='word_1_266' title='bbox 137 3429 173 3487; x_wconf 89' lang='lat' dir='ltr'><strong>ab</strong></span> <span class='ocrx_word' id='word_1_267' title='bbox 189 3428 252 3502; x_wconf 92' lang='lat' dir='ltr'><strong>ipso</strong></span> <span class='ocrx_word' id='word_1_268' title='bbox 268 3425 392 3484; x_wconf 89' lang='lat' dir='ltr'><strong>Domino</strong></span> <span class='ocrx_word' id='word_1_269' title='bbox 407 3424 574 3490; x_wconf 89' lang='lat' dir='ltr'><strong>audiebant,</strong></span> <span class='ocrx_word' id='word_1_270' title='bbox 592 3421 723 3494; x_wconf 86' lang='lat' dir='ltr'><strong>quamvis</strong></span> <span class='ocrx_word' id='word_1_271' title='bbox 743 3420 927 3494; x_wconf 76' lang='lat' dir='ltr'><strong>apertissime</strong></span> <span class='ocrx_word' id='word_1_272' title='bbox 942 3421 990 3477; x_wconf 93' lang='lat' dir='ltr'><strong>di-</strong></span> 
     </span>
     <span class='ocr_line' id='line_1_37' title="bbox 136 3511 988 3589; baseline -0.011 -13"><span class='ocrx_word' id='word_1_273' title='bbox 136 3521 250 3578; x_wconf 88' lang='lat' dir='ltr'><strong>ceretur</strong></span> <span class='ocrx_word' id='word_1_274' title='bbox 262 3537 269 3589; x_wconf 90' lang='lat'>;</span> <span class='ocrx_word' id='word_1_275' title='bbox 281 3515 495 3576; x_wconf 88' lang='lat' dir='ltr'><strong>consuetudine</strong></span> <span class='ocrx_word' id='word_1_276' title='bbox 506 3513 644 3570; x_wconf 90' lang='lat' dir='ltr'><strong>audiendi</strong></span> <span class='ocrx_word' id='word_1_277' title='bbox 655 3513 690 3568; x_wconf 91' lang='lat' dir='ltr'><strong>ab</strong></span> <span class='ocrx_word' id='word_1_278' title='bbox 703 3511 752 3568; x_wconf 93' lang='lat' dir='ltr'><strong>illo</strong></span> <span class='ocrx_word' id='word_1_279' title='bbox 764 3511 988 3583; x_wconf 88' lang='lat' dir='ltr'><strong>parabolas,non</strong></span> 
     </span>
     <span class='ocr_line' id='line_1_38' title="bbox 136 3600 989 3680; baseline -0.009 -16"><span class='ocrx_word' id='word_1_280' title='bbox 136 3600 989 3680; x_wconf 85' lang='lat' dir='ltr'><strong>intelligebant,etaliquidalludoumsiguilicsrecredebant</strong></span> 
     </span>
    </p>
   </div>
   <div class='ocr_carea' id='block_1_5' title="bbox 135 3699 987 3779">
    <p class='ocr_par' dir='ltr' id='par_1_7' title="bbox 135 3699 987 3779">
     <span class='ocr_line' id='line_1_39' title="bbox 135 3699 987 3779; baseline -0.009 -14"><span class='ocrx_word' id='word_1_281' title='bbox 135 3707 191 3766; x_wconf 86' lang='lat' dir='ltr'><strong>Sed</strong></span> <span class='ocrx_word' id='word_1_282' title='bbox 201 3723 234 3764; x_wconf 88' lang='lat' dir='ltr'><strong>aa</strong></span> <span class='ocrx_word' id='word_1_283' title='bbox 245 3723 309 3779; x_wconf 81' lang='lat' dir='ltr'><strong>qua</strong></span> <span class='ocrx_word' id='word_1_284' title='bbox 320 3703 695 3777; x_wconf 86' lang='lat' dir='ltr'><strong>sequunturinsermonem</strong></span> <span class='ocrx_word' id='word_1_285' title='bbox 706 3699 987 3757; x_wconf 85' lang='lat' dir='ltr'><strong>aliumdillsramus.</strong></span> 
     </span>
    </p>
   </div>
   <div class='ocr_carea' id='block_1_6' title="bbox 130 3790 987 5389">
    <p class='ocr_par' dir='ltr' id='par_1_8' title="bbox 405 3790 731 3850">
     <span class='ocr_line' id='line_1_40' title="bbox 405 3790 731 3850; baseline -0.003 -1"><span class='ocrx_word' id='word_1_286' title='bbox 405 3792 616 3850; x_wconf 71' lang='lat' dir='ltr'><strong>eatetenus</strong></span> <span class='ocrx_word' id='word_1_287' title='bbox 641 3790 731 3848; x_wconf 81' lang='lat' dir='ltr'><strong>cxxi.</strong></span> 
     </span>
    </p>

    <p class='ocr_par' dir='ltr' id='par_1_9' title="bbox 133 3879 987 4113">
     <span class='ocr_line' id='line_1_41' title="bbox 133 3879 985 3959; baseline -0.009 -15"><span class='ocrx_word' id='word_1_288' title='bbox 133 3889 172 3944; x_wconf 86' lang='lat' dir='ltr'><strong>Do</strong></span> <span class='ocrx_word' id='word_1_289' title='bbox 185 3901 216 3943; x_wconf 93' lang='lat' dir='ltr'><strong>eo</strong></span> <span class='ocrx_word' id='word_1_290' title='bbox 231 3883 302 3959; x_wconf 75' lang='lat' dir='ltr'><strong>quoti</strong></span> <span class='ocrx_word' id='word_1_291' title='bbox 314 3881 451 3955; x_wconf 79' lang='lat' dir='ltr'><strong>sequitur,</strong></span> <span class='ocrx_word' id='word_1_292' title='bbox 467 3880 608 3936; x_wconf 82' lang='lat' dir='ltr'><strong>abierunt</strong></span> <span class='ocrx_word' id='word_1_293' title='bbox 625 3896 693 3952; x_wconf 91' lang='lat' dir='ltr'><strong>ergo</strong></span> <span class='ocrx_word' id='word_1_294' title='bbox 711 3879 864 3937; x_wconf 89' lang='lat' dir='ltr'><strong>iterumad</strong></span> <span class='ocrx_word' id='word_1_295' title='bbox 878 3883 985 3936; x_wconf 89' lang='lat' dir='ltr'><strong>semet-</strong></span> 
     </span>
     <span class='ocr_line' id='line_1_42' title="bbox 169 3959 987 4036; baseline -0.005 -16"><span class='ocrx_word' id='word_1_296' title='bbox 169 3966 248 4036; x_wconf 90' lang='lat' dir='ltr'><strong>ipsos</strong></span> <span class='ocrx_word' id='word_1_297' title='bbox 263 3960 417 4032; x_wconf 76' lang='lat' dir='ltr'><strong>discipuli3</strong></span> <span class='ocrx_word' id='word_1_298' title='bbox 443 3960 576 4032; x_wconf 81' lang='lat' dir='ltr'><strong>usquead</strong></span> <span class='ocrx_word' id='word_1_299' title='bbox 599 3960 637 4028; x_wconf 81' lang='lat' dir='ltr'><strong>it,</strong></span> <span class='ocrx_word' id='word_1_300' title='bbox 654 3959 732 4015; x_wconf 82' lang='lat' dir='ltr'><strong>Beati</strong></span> <span class='ocrx_word' id='word_1_301' title='bbox 757 3960 805 4031; x_wconf 89' lang='lat' dir='ltr'><strong>qui</strong></span> <span class='ocrx_word' id='word_1_302' title='bbox 830 3976 887 4016; x_wconf 92' lang='lat' dir='ltr'><strong>non</strong></span> <span class='ocrx_word' id='word_1_303' title='bbox 903 3959 987 4017; x_wconf 85' lang='lat' dir='ltr'><strong>vids-</strong></span> 
     </span>
     <span class='ocr_line' id='line_1_43' title="bbox 169 4039 794 4113; baseline -0.005 -13"><span class='ocrx_word' id='word_1_304' title='bbox 169 4048 239 4102; x_wconf 92' lang='lat' dir='ltr'><strong>runt</strong></span> <span class='ocrx_word' id='word_1_305' title='bbox 255 4048 283 4099; x_wconf 92' lang='lat' dir='ltr'><strong>et</strong></span> <span class='ocrx_word' id='word_1_306' title='bbox 298 4041 495 4098; x_wconf 89' lang='lat' dir='ltr'><strong>crediderunt.</strong></span> <span class='ocrx_word' id='word_1_307' title='bbox 513 4039 577 4113; x_wconf 85' lang='lat' dir='ltr'><strong>Cup.</strong></span> <span class='ocrx_word' id='word_1_308' title='bbox 594 4057 642 4108; x_wconf 80' lang='lat' dir='ltr'><strong>xx,</strong></span> <span class='ocrx_word' id='word_1_309' title='bbox 658 4041 685 4109; x_wconf 74' lang='lat' dir='ltr'><strong>i.</strong></span> <span class='ocrx_word' id='word_1_310' title='bbox 702 4041 794 4097; x_wconf 70' lang='lat' dir='ltr'><strong>tote.</strong></span> 
     </span>
    </p>

    <p class='ocr_par' dir='ltr' id='par_1_10' title="bbox 130 4138 986 5389">
     <span class='ocr_line' id='line_1_44' title="bbox 168 4138 986 4204; baseline -0.007 -1"><span class='ocrx_word' id='word_1_311' title='bbox 168 4144 196 4202; x_wconf 82' lang='lat' dir='ltr'><strong>i.</strong></span> <span class='ocrx_word' id='word_1_312' title='bbox 208 4141 362 4202; x_wconf 87' lang='lat' dir='ltr'><strong>Sublatum</strong></span> <span class='ocrx_word' id='word_1_313' title='bbox 373 4155 437 4197; x_wconf 88' lang='lat' dir='ltr'><strong>esso</strong></span> <span class='ocrx_word' id='word_1_314' title='bbox 454 4138 611 4196; x_wconf 89' lang='lat' dir='ltr'><strong>Dominum</strong></span> <span class='ocrx_word' id='word_1_315' title='bbox 633 4140 668 4196; x_wconf 92' lang='lat' dir='ltr'><strong>de</strong></span> <span class='ocrx_word' id='word_1_316' title='bbox 687 4144 888 4204; x_wconf 89' lang='lat' dir='ltr'><strong>monumento,</strong></span> <span class='ocrx_word' id='word_1_317' title='bbox 900 4141 986 4198; x_wconf 90' lang='lat' dir='ltr'><strong>disei-</strong></span> 
     </span>
     <span class='ocr_line' id='line_1_45' title="bbox 133 4228 986 4308; baseline -0.002 -18"><span class='ocrx_word' id='word_1_318' title='bbox 133 4233 285 4308; x_wconf 78' lang='lat' dir='ltr'><strong>puliseJus</strong></span> <span class='ocrx_word' id='word_1_319' title='bbox 296 4232 379 4289; x_wconf 86' lang='lat' dir='ltr'><strong>Petro</strong></span> <span class='ocrx_word' id='word_1_320' title='bbox 396 4232 425 4287; x_wconf 89' lang='lat' dir='ltr'><strong>et</strong></span> <span class='ocrx_word' id='word_1_321' title='bbox 443 4228 547 4286; x_wconf 85' lang='lat' dir='ltr'><strong>loanni</strong></span> <span class='ocrx_word' id='word_1_322' title='bbox 564 4229 747 4286; x_wconf 87' lang='lat' dir='ltr'><strong>nuntiaverat</strong></span> <span class='ocrx_word' id='word_1_323' title='bbox 764 4229 853 4287; x_wconf 84' lang='lat' dir='ltr'><strong>liaris</strong></span> <span class='ocrx_word' id='word_1_324' title='bbox 868 4231 986 4304; x_wconf 87' lang='lat' dir='ltr'><strong>Magda-</strong></span> 
     </span>
     <span class='ocr_line' id='line_1_46' title="bbox 133 4319 985 4397; baseline -0.005 -14"><span class='ocrx_word' id='word_1_325' title='bbox 133 4325 221 4385; x_wconf 78' lang='lat' dir='ltr'><strong>ieaot</strong></span> <span class='ocrx_word' id='word_1_326' title='bbox 238 4340 294 4397; x_wconf 86' lang='lat' dir='ltr'><strong>quo</strong></span> <span class='ocrx_word' id='word_1_327' title='bbox 308 4322 349 4379; x_wconf 92' lang='lat' dir='ltr'><strong>illi</strong></span> <span class='ocrx_word' id='word_1_328' title='bbox 365 4321 524 4389; x_wconf 87' lang='lat' dir='ltr'><strong>venientes,</strong></span> <span class='ocrx_word' id='word_1_329' title='bbox 537 4322 711 4376; x_wconf 90' lang='lat' dir='ltr'><strong>invenerunt</strong></span> <span class='ocrx_word' id='word_1_330' title='bbox 726 4319 788 4377; x_wconf 90' lang='lat' dir='ltr'><strong>sola</strong></span> <span class='ocrx_word' id='word_1_331' title='bbox 803 4319 985 4395; x_wconf 88' lang='lat' dir='ltr'><strong>linteamina,</strong></span> 
     </span>
     <span class='ocr_line' id='line_1_47' title="bbox 133 4410 985 4491; baseline -0.008 -17"><span class='ocrx_word' id='word_1_332' title='bbox 133 4415 241 4491; x_wconf 88' lang='lat' dir='ltr'><strong>quibus</strong></span> <span class='ocrx_word' id='word_1_333' title='bbox 257 4430 363 4486; x_wconf 89' lang='lat' dir='ltr'><strong>corpus</strong></span> <span class='ocrx_word' id='word_1_334' title='bbox 378 4413 474 4469; x_wconf 90' lang='lat' dir='ltr'><strong>luerat</strong></span> <span class='ocrx_word' id='word_1_335' title='bbox 489 4410 665 4479; x_wconf 86' lang='lat' dir='ltr'><strong>insolutum;</strong></span> <span class='ocrx_word' id='word_1_336' title='bbox 682 4410 796 4483; x_wconf 93' lang='lat' dir='ltr'><strong>etquid</strong></span> <span class='ocrx_word' id='word_1_337' title='bbox 821 4410 898 4467; x_wconf 91' lang='lat' dir='ltr'><strong>aliud</strong></span> <span class='ocrx_word' id='word_1_338' title='bbox 924 4428 985 4468; x_wconf 89' lang='lat' dir='ltr'><strong>cro·</strong></span> 
     </span>
     <span class='ocr_line' id='line_1_48' title="bbox 133 4500 985 4578; baseline -0.005 -17"><span class='ocrx_word' id='word_1_339' title='bbox 133 4505 201 4564; x_wconf 89' lang='lat' dir='ltr'><strong>doro</strong></span> <span class='ocrx_word' id='word_1_340' title='bbox 223 4508 391 4578; x_wconf 91' lang='lat' dir='ltr'><strong>potnerunt,</strong></span> <span class='ocrx_word' id='word_1_341' title='bbox 408 4501 464 4558; x_wconf 93' lang='lat' dir='ltr'><strong>nisi</strong></span> <span class='ocrx_word' id='word_1_342' title='bbox 482 4501 560 4574; x_wconf 89' lang='lat' dir='ltr'><strong>quod</strong></span> <span class='ocrx_word' id='word_1_343' title='bbox 576 4500 699 4570; x_wconf 84' lang='lat' dir='ltr'><strong>dixerat,</strong></span> <span class='ocrx_word' id='word_1_344' title='bbox 715 4501 790 4573; x_wconf 90' lang='lat' dir='ltr'><strong>quod</strong></span> <span class='ocrx_word' id='word_1_345' title='bbox 811 4501 898 4557; x_wconf 85' lang='lat' dir='ltr'><strong>stiam</strong></span> <span class='ocrx_word' id='word_1_346' title='bbox 921 4501 985 4572; x_wconf 89' lang='lat' dir='ltr'><strong>ipsa</strong></span> 
     </span>
     <span class='ocr_line' id='line_1_49' title="bbox 132 4589 985 4663; baseline -0.009 -9"><span class='ocrx_word' id='word_1_347' title='bbox 132 4595 296 4656; x_wconf 78' lang='lat' dir='ltr'><strong>prodiderat</strong></span> <span class='ocrx_word' id='word_1_348' title='bbox 311 4594 325 4650; x_wconf 83' lang='lat' dir='ltr'><strong>i</strong></span> <span class='ocrx_word' id='word_1_349' title='bbox 339 4594 471 4650; x_wconf 83' lang='lat' dir='ltr'><strong>ditarunt</strong></span> <span class='ocrx_word' id='word_1_350' title='bbox 485 4605 548 4663; x_wconf 78' lang='lat' dir='ltr'><strong>erpo</strong></span> <span class='ocrx_word' id='word_1_351' title='bbox 563 4592 664 4646; x_wconf 88' lang='lat' dir='ltr'><strong>iterum</strong></span> <span class='ocrx_word' id='word_1_352' title='bbox 679 4589 714 4646; x_wconf 90' lang='lat' dir='ltr'><strong>od</strong></span> <span class='ocrx_word' id='word_1_353' title='bbox 731 4590 885 4663; x_wconf 85' lang='lat' dir='ltr'><strong>semetipsos</strong></span> <span class='ocrx_word' id='word_1_354' title='bbox 899 4589 985 4648; x_wconf 85' lang='lat' dir='ltr'><strong>disci-</strong></span> 
     </span>
     <span class='ocr_line' id='line_1_50' title="bbox 131 4682 985 4762; baseline -0.007 -17"><span class='ocrx_word' id='word_1_355' title='bbox 131 4688 194 4762; x_wconf 86' lang='lat' dir='ltr'><strong>puli</strong></span> <span class='ocrx_word' id='word_1_356' title='bbox 207 4704 217 4745; x_wconf 90' lang='grc'><strong>.·</strong></span> <span class='ocrx_word' id='word_1_357' title='bbox 232 4686 261 4741; x_wconf 90' lang='lat' dir='ltr'><strong>id</strong></span> <span class='ocrx_word' id='word_1_358' title='bbox 278 4689 333 4753; x_wconf 91' lang='lat' dir='ltr'><strong>est,</strong></span> <span class='ocrx_word' id='word_1_359' title='bbox 350 4683 400 4740; x_wconf 91' lang='lat' dir='ltr'><strong>ubi</strong></span> <span class='ocrx_word' id='word_1_360' title='bbox 414 4682 597 4749; x_wconf 86' lang='lat' dir='ltr'><strong>babitabant,</strong></span> <span class='ocrx_word' id='word_1_361' title='bbox 613 4686 642 4738; x_wconf 93' lang='lat' dir='ltr'><strong>et</strong></span> <span class='ocrx_word' id='word_1_362' title='bbox 664 4682 742 4739; x_wconf 90' lang='lat' dir='ltr'><strong>undo</strong></span> <span class='ocrx_word' id='word_1_363' title='bbox 757 4682 791 4739; x_wconf 88' lang='lat' dir='ltr'><strong>ad</strong></span> <span class='ocrx_word' id='word_1_364' title='bbox 809 4698 985 4739; x_wconf 88' lang='lat' dir='ltr'><strong>monumen·</strong></span> 
     </span>
     <span class='ocr_line' id='line_1_51' title="bbox 133 4771 984 4834; baseline -0.005 0"><span class='ocrx_word' id='word_1_365' title='bbox 133 4787 194 4834; x_wconf 90' lang='lat' dir='ltr'><strong>tum</strong></span> <span class='ocrx_word' id='word_1_366' title='bbox 204 4780 404 4832; x_wconf 87' lang='lat' dir='ltr'><strong>cucurrerant.</strong></span> <span class='ocrx_word' id='word_1_367' title='bbox 415 4771 503 4829; x_wconf 88' lang='lat' dir='ltr'><strong>llario</strong></span> <span class='ocrx_word' id='word_1_368' title='bbox 518 4776 610 4828; x_wconf 84' lang='lat' dir='ltr'><strong>cutem</strong></span> <span class='ocrx_word' id='word_1_369' title='bbox 624 4774 714 4830; x_wconf 82' lang='lat' dir='ltr'><strong>stabat</strong></span> <span class='ocrx_word' id='word_1_370' title='bbox 728 4774 763 4829; x_wconf 88' lang='lat' dir='ltr'><strong>ad</strong></span> <span class='ocrx_word' id='word_1_371' title='bbox 778 4782 984 4831; x_wconf 87' lang='lat' dir='ltr'><strong>monumentum</strong></span> 
     </span>
     <span class='ocr_line' id='line_1_52' title="bbox 130 4861 984 4937; baseline 0.002 -19"><span class='ocrx_word' id='word_1_372' title='bbox 130 4868 201 4937; x_wconf 80' lang='lat' dir='ltr'><strong>soris</strong></span> <span class='ocrx_word' id='word_1_373' title='bbox 223 4864 348 4936; x_wconf 86' lang='lat' dir='ltr'><strong>plorans.</strong></span> <span class='ocrx_word' id='word_1_374' title='bbox 372 4861 450 4918; x_wconf 88' lang='lat' dir='ltr'><strong>Viris</strong></span> <span class='ocrx_word' id='word_1_375' title='bbox 473 4862 549 4918; x_wconf 88' lang='lat' dir='ltr'><strong>onim</strong></span> <span class='ocrx_word' id='word_1_376' title='bbox 574 4863 776 4931; x_wconf 86' lang='lat' dir='ltr'><strong>redeuntibus,</strong></span> <span class='ocrx_word' id='word_1_377' title='bbox 793 4864 984 4921; x_wconf 74' lang='lat' dir='ltr'><strong>infirmiorem</strong></span> 
     </span>
     <span class='ocr_line' id='line_1_53' title="bbox 132 4950 985 5021; baseline -0.006 -8"><span class='ocrx_word' id='word_1_378' title='bbox 132 4969 236 5014; x_wconf 87' lang='lat' dir='ltr'><strong>sexum</strong></span> <span class='ocrx_word' id='word_1_379' title='bbox 247 4951 276 5008; x_wconf 93' lang='lat' dir='ltr'><strong>in</strong></span> <span class='ocrx_word' id='word_1_380' title='bbox 288 4950 389 5008; x_wconf 89' lang='lat' dir='ltr'><strong>ecdem</strong></span> <span class='ocrx_word' id='word_1_381' title='bbox 405 4950 468 5007; x_wconf 92' lang='lat' dir='ltr'><strong>loco</strong></span> <span class='ocrx_word' id='word_1_382' title='bbox 484 4950 586 5007; x_wconf 88' lang='lat' dir='ltr'><strong>lortior</strong></span> <span class='ocrx_word' id='word_1_383' title='bbox 600 4951 706 5021; x_wconf 83' lang='lat' dir='ltr'><strong>ligabat</strong></span> <span class='ocrx_word' id='word_1_384' title='bbox 720 4952 851 5009; x_wconf 85' lang='lat' dir='ltr'><strong>allectus.</strong></span> <span class='ocrx_word' id='word_1_385' title='bbox 863 4953 899 5008; x_wconf 83' lang='lat' dir='ltr'><strong>lit</strong></span> <span class='ocrx_word' id='word_1_386' title='bbox 909 4953 985 5009; x_wconf 93' lang='lat' dir='ltr'><strong>oculi</strong></span> 
     </span>
     <span class='ocr_line' id='line_1_54' title="bbox 133 5038 986 5120; baseline -0.006 -18"><span class='ocrx_word' id='word_1_387' title='bbox 133 5044 183 5120; x_wconf 84' lang='lat' dir='ltr'><strong>qui</strong></span> <span class='ocrx_word' id='word_1_388' title='bbox 209 5042 365 5101; x_wconf 90' lang='lat' dir='ltr'><strong>Dominum</strong></span> <span class='ocrx_word' id='word_1_389' title='bbox 381 5038 559 5113; x_wconf 79' lang='lat' dir='ltr'><strong>quesierant</strong></span> <span class='ocrx_word' id='word_1_390' title='bbox 573 5045 601 5096; x_wconf 90' lang='lat' dir='ltr'><strong>st</strong></span> <span class='ocrx_word' id='word_1_391' title='bbox 616 5057 674 5096; x_wconf 93' lang='lat' dir='ltr'><strong>non</strong></span> <span class='ocrx_word' id='word_1_392' title='bbox 698 5041 876 5104; x_wconf 89' lang='lat' dir='ltr'><strong>invenerant,</strong></span> <span class='ocrx_word' id='word_1_393' title='bbox 894 5043 986 5116; x_wconf 78' lang='lat' dir='ltr'><strong>lacry·</strong></span> 
     </span>
     <span class='ocr_line' id='line_1_55' title="bbox 133 5128 985 5206; baseline -0.001 -15"><span class='ocrx_word' id='word_1_394' title='bbox 133 5134 191 5193; x_wconf 91' lang='lat' dir='ltr'><strong>mis</strong></span> <span class='ocrx_word' id='word_1_395' title='bbox 206 5138 269 5206; x_wconf 75' lang='lat' dir='ltr'><strong>jam</strong></span> <span class='ocrx_word' id='word_1_396' title='bbox 283 5129 436 5199; x_wconf 81' lang='lat' dir='ltr'><strong>vacabant,</strong></span> <span class='ocrx_word' id='word_1_397' title='bbox 451 5128 578 5202; x_wconf 86' lang='lat' dir='ltr'><strong>amplius</strong></span> <span class='ocrx_word' id='word_1_398' title='bbox 594 5129 726 5187; x_wconf 90' lang='lat' dir='ltr'><strong>dolentes</strong></span> <span class='ocrx_word' id='word_1_399' title='bbox 742 5131 819 5204; x_wconf 89' lang='lat' dir='ltr'><strong>quod</strong></span> <span class='ocrx_word' id='word_1_400' title='bbox 841 5131 936 5187; x_wconf 90' lang='lat' dir='ltr'><strong>luerat</strong></span> <span class='ocrx_word' id='word_1_401' title='bbox 949 5133 985 5191; x_wconf 91' lang='lat' dir='ltr'><strong>da</strong></span> 
     </span>
     <span class='ocr_line' id='line_1_56' title="bbox 133 5221 984 5295; baseline -0.004 -12"><span class='ocrx_word' id='word_1_402' title='bbox 133 5227 323 5283; x_wconf 88' lang='lat' dir='ltr'><strong>monumento</strong></span> <span class='ocrx_word' id='word_1_403' title='bbox 338 5221 467 5290; x_wconf 90' lang='lat' dir='ltr'><strong>ablatus,</strong></span> <span class='ocrx_word' id='word_1_404' title='bbox 478 5235 564 5295; x_wconf 84' lang='lat' dir='ltr'><strong>quam</strong></span> <span class='ocrx_word' id='word_1_405' title='bbox 577 5222 656 5295; x_wconf 89' lang='lat' dir='ltr'><strong>quod</strong></span> <span class='ocrx_word' id='word_1_406' title='bbox 669 5221 757 5278; x_wconf 89' lang='lat' dir='ltr'><strong>luerat</strong></span> <span class='ocrx_word' id='word_1_407' title='bbox 773 5223 803 5279; x_wconf 90' lang='lat' dir='ltr'><strong>in</strong></span> <span class='ocrx_word' id='word_1_408' title='bbox 819 5222 897 5295; x_wconf 90' lang='lat' dir='ltr'><strong>ligno</strong></span> <span class='ocrx_word' id='word_1_409' title='bbox 908 5224 984 5281; x_wconf 87' lang='lat' dir='ltr'><strong>ocsi-</strong></span> 
     </span>
     <span class='ocr_line' id='line_1_57' title="bbox 132 5310 986 5389; baseline 0 -18"><span class='ocrx_word' id='word_1_410' title='bbox 132 5332 198 5388; x_wconf 67' lang='lat' dir='ltr'><strong>suss</strong></span> <span class='ocrx_word' id='word_1_411' title='bbox 213 5315 352 5389; x_wconf 88' lang='lat' dir='ltr'><strong>quoniam</strong></span> <span class='ocrx_word' id='word_1_412' title='bbox 368 5312 502 5387; x_wconf 83' lang='lat' dir='ltr'><strong>magistri</strong></span> <span class='ocrx_word' id='word_1_413' title='bbox 514 5310 599 5385; x_wconf 88' lang='lat' dir='ltr'><strong>tanti,</strong></span> <span class='ocrx_word' id='word_1_414' title='bbox 611 5312 700 5385; x_wconf 78' lang='lat' dir='ltr'><strong>culus</strong></span> <span class='ocrx_word' id='word_1_415' title='bbox 710 5313 751 5371; x_wconf 86' lang='lat' dir='ltr'><strong>eia</strong></span> <span class='ocrx_word' id='word_1_416' title='bbox 762 5313 821 5370; x_wconf 87' lang='lat' dir='ltr'><strong>vita</strong></span> <span class='ocrx_word' id='word_1_417' title='bbox 835 5316 986 5371; x_wconf 87' lang='lat' dir='ltr'><strong>subtrsota</strong></span> 
     </span>
    </p>
   </div>
   <div class='ocr_carea' id='block_1_7' title="bbox 132 5490 987 5748">
    <p class='ocr_par' dir='ltr' id='par_1_11' title="bbox 132 5490 987 5748">
     <span class='ocr_line' id='line_1_58' title="bbox 166 5490 987 5560; baseline 0.004 -14"><span class='ocrx_word' id='word_1_418' title='bbox 166 5495 231 5546; x_wconf 77' lang='lat' dir='ltr'><strong>tttr.</strong></span> <span class='ocrx_word' id='word_1_419' title='bbox 245 5490 331 5559; x_wconf 84' lang='lat' dir='ltr'><strong>Lugd.</strong></span> <span class='ocrx_word' id='word_1_420' title='bbox 348 5496 376 5544; x_wconf 91' lang='lat' dir='ltr'><strong>ot</strong></span> <span class='ocrx_word' id='word_1_421' title='bbox 387 5492 463 5551; x_wconf 81' lang='lat' dir='ltr'><strong>Vsa..</strong></span> <span class='ocrx_word' id='word_1_422' title='bbox 479 5492 529 5545; x_wconf 85' lang='lat' dir='ltr'><strong>sed</strong></span> <span class='ocrx_word' id='word_1_423' title='bbox 542 5495 667 5560; x_wconf 78' lang='lat' dir='ltr'><strong>tanquam</strong></span> <span class='ocrx_word' id='word_1_424' title='bbox 683 5494 715 5547; x_wconf 84' lang='lat' dir='ltr'><strong>de</strong></span> <span class='ocrx_word' id='word_1_425' title='bbox 728 5493 791 5554; x_wconf 84' lang='lat' dir='ltr'><strong>alie,</strong></span> <span class='ocrx_word' id='word_1_426' title='bbox 807 5511 878 5549; x_wconf 87' lang='lat' dir='ltr'><strong>more</strong></span> <span class='ocrx_word' id='word_1_427' title='bbox 890 5507 987 5549; x_wconf 72' lang='lat' dir='ltr'><strong>sarsore</strong></span> 
     </span>
     <span class='ocr_line' id='line_1_59' title="bbox 132 5557 984 5624; baseline 0.011 -19"><span class='ocrx_word' id='word_1_428' title='bbox 132 5558 282 5620; x_wconf 69' lang='lat' dir='ltr'><strong>Scriptura,</strong></span> <span class='ocrx_word' id='word_1_429' title='bbox 292 5558 385 5607; x_wconf 84' lang='lat' dir='ltr'><strong>cuncto</strong></span> <span class='ocrx_word' id='word_1_430' title='bbox 396 5560 499 5609; x_wconf 81' lang='lat' dir='ltr'><strong>namt.</strong></span> <span class='ocrx_word' id='word_1_431' title='bbox 514 5557 611 5616; x_wconf 81' lang='lat' dir='ltr'><strong>Verbo,</strong></span> <span class='ocrx_word' id='word_1_432' title='bbox 625 5572 697 5609; x_wconf 80' lang='lat' dir='ltr'><strong>mors</strong></span> <span class='ocrx_word' id='word_1_433' title='bbox 718 5563 815 5610; x_wconf 72' lang='lat' dir='ltr'><strong>sanctu</strong></span> <span class='ocrx_word' id='word_1_434' title='bbox 832 5558 984 5624; x_wconf 72' lang='lat' dir='ltr'><strong>Scriptura,</strong></span> 
     </span>
     <span class='ocr_line' id='line_1_60' title="bbox 134 5620 985 5684; baseline 0.005 -11"><span class='ocrx_word' id='word_1_435' title='bbox 134 5620 168 5673; x_wconf 79' lang='lat' dir='ltr'><strong>sd</strong></span> <span class='ocrx_word' id='word_1_436' title='bbox 183 5625 283 5670; x_wconf 84' lang='lat' dir='ltr'><strong>textum</strong></span> <span class='ocrx_word' id='word_1_437' title='bbox 299 5630 353 5668; x_wconf 91' lang='lat' dir='ltr'><strong>ncn</strong></span> <span class='ocrx_word' id='word_1_438' title='bbox 367 5620 502 5682; x_wconf 88' lang='lat' dir='ltr'><strong>pertinere</strong></span> <span class='ocrx_word' id='word_1_439' title='bbox 515 5620 650 5681; x_wconf 80' lang='lat' dir='ltr'><strong>videntur,</strong></span> <span class='ocrx_word' id='word_1_440' title='bbox 664 5627 691 5673; x_wconf 89' lang='lat' dir='ltr'><strong>et</strong></span> <span class='ocrx_word' id='word_1_441' title='bbox 700 5623 771 5684; x_wconf 81' lang='lat' dir='ltr'><strong>apud</strong></span> <span class='ocrx_word' id='word_1_442' title='bbox 781 5622 824 5676; x_wconf 88' lang='lat' dir='ltr'><strong>Er.</strong></span> <span class='ocrx_word' id='word_1_443' title='bbox 834 5625 913 5676; x_wconf 83' lang='lat' dir='ltr'><strong>Guiil.</strong></span> <span class='ocrx_word' id='word_1_444' title='bbox 923 5638 985 5678; x_wconf 86' lang='lat' dir='ltr'><strong>nec·</strong></span> 
     </span>
     <span class='ocr_line' id='line_1_61' title="bbox 133 5679 745 5748; baseline 0.007 -11"><span class='ocrx_word' id='word_1_445' title='bbox 133 5695 189 5737; x_wconf 89' lang='lat' dir='ltr'><strong>non</strong></span> <span class='ocrx_word' id='word_1_446' title='bbox 204 5679 276 5748; x_wconf 86' lang='lat' dir='ltr'><strong>apud</strong></span> <span class='ocrx_word' id='word_1_447' title='bbox 290 5679 366 5736; x_wconf 68' lang='lat' dir='ltr'><strong>bor„</strong></span> <span class='ocrx_word' id='word_1_448' title='bbox 380 5680 456 5733; x_wconf 77' lang='lat' dir='ltr'><strong>undo</strong></span> <span class='ocrx_word' id='word_1_449' title='bbox 469 5681 674 5737; x_wconf 75' lang='lat' dir='ltr'><strong>manuductus.</strong></span> <span class='ocrx_word' id='word_1_450' title='bbox 707 5683 745 5741; x_wconf 70' lang='lat' dir='ltr'><strong>bi·</strong></span> 
     </span>
    </p>
   </div>
   <div class='ocr_carea' id='block_1_8' title="bbox 1038 714 1911 5666">
    <p class='ocr_par' dir='ltr' id='par_1_12' title="bbox 1040 714 1911 3768">
     <span class='ocr_line' id='line_1_62' title="bbox 1054 714 1911 775; baseline 0.005 -5"><span class='ocrx_word' id='word_1_451' title='bbox 1054 714 1108 771; x_wconf 91' lang='lat' dir='ltr'><strong>boo</strong></span> <span class='ocrx_word' id='word_1_452' title='bbox 1125 716 1223 773; x_wconf 76' lang='lat' dir='ltr'><strong>locent</strong></span> <span class='ocrx_word' id='word_1_453' title='bbox 1237 717 1345 775; x_wconf 90' lang='lat' dir='ltr'><strong>neseio.</strong></span> <span class='ocrx_word' id='word_1_454' title='bbox 1361 717 1424 775; x_wconf 91' lang='lat' dir='ltr'><strong>Non</strong></span> <span class='ocrx_word' id='word_1_455' title='bbox 1447 717 1525 774; x_wconf 90' lang='lat' dir='ltr'><strong>onim</strong></span> <span class='ocrx_word' id='word_1_456' title='bbox 1549 718 1698 775; x_wconf 86' lang='lat' dir='ltr'><strong>nesciebat</strong></span> <span class='ocrx_word' id='word_1_457' title='bbox 1714 737 1771 775; x_wconf 91' lang='lat' dir='ltr'><strong>non</strong></span> <span class='ocrx_word' id='word_1_458' title='bbox 1788 719 1829 774; x_wconf 91' lang='lat' dir='ltr'><strong>ibi</strong></span> <span class='ocrx_word' id='word_1_459' title='bbox 1845 735 1911 775; x_wconf 87' lang='lat' dir='ltr'><strong>esse</strong></span> 
     </span>
     <span class='ocr_line' id='line_1_63' title="bbox 1050 804 1907 880; baseline 0.007 -22"><span class='ocrx_word' id='word_1_460' title='bbox 1050 804 1112 874; x_wconf 85' lang='lat' dir='ltr'><strong>jam</strong></span> <span class='ocrx_word' id='word_1_461' title='bbox 1128 821 1214 878; x_wconf 82' lang='lat' dir='ltr'><strong>quern</strong></span> <span class='ocrx_word' id='word_1_462' title='bbox 1231 806 1392 878; x_wconf 80' lang='lat' dir='ltr'><strong>querebat;</strong></span> <span class='ocrx_word' id='word_1_463' title='bbox 1408 807 1649 880; x_wconf 84' lang='lat' dir='ltr'><strong>quandoquidem</strong></span> <span class='ocrx_word' id='word_1_464' title='bbox 1669 808 1737 866; x_wconf 90' lang='lat' dir='ltr'><strong>inde</strong></span> <span class='ocrx_word' id='word_1_465' title='bbox 1756 808 1907 864; x_wconf 87' lang='lat' dir='ltr'><strong>sublatum</strong></span> 
     </span>
     <span class='ocr_line' id='line_1_64' title="bbox 1053 894 1909 968; baseline 0.004 -17"><span class='ocrx_word' id='word_1_466' title='bbox 1053 898 1081 951; x_wconf 88' lang='lat' dir='ltr'><strong>et</strong></span> <span class='ocrx_word' id='word_1_467' title='bbox 1095 894 1246 968; x_wconf 82' lang='lat' dir='ltr'><strong>discipulis</strong></span> <span class='ocrx_word' id='word_1_468' title='bbox 1270 897 1332 968; x_wconf 89' lang='lat' dir='ltr'><strong>ipsa</strong></span> <span class='ocrx_word' id='word_1_469' title='bbox 1354 897 1559 965; x_wconf 87' lang='lat' dir='ltr'><strong>nuntiaverat;</strong></span> <span class='ocrx_word' id='word_1_470' title='bbox 1574 905 1601 954; x_wconf 93' lang='lat' dir='ltr'><strong>et</strong></span> <span class='ocrx_word' id='word_1_471' title='bbox 1616 897 1659 954; x_wconf 90' lang='lat' dir='ltr'><strong>illi</strong></span> <span class='ocrx_word' id='word_1_472' title='bbox 1674 899 1709 954; x_wconf 91' lang='lat' dir='ltr'><strong>ad</strong></span> <span class='ocrx_word' id='word_1_473' title='bbox 1727 915 1909 956; x_wconf 89' lang='lat' dir='ltr'><strong>monumen·</strong></span> 
     </span>
     <span class='ocr_line' id='line_1_65' title="bbox 1053 986 1905 1057; baseline 0.005 -17"><span class='ocrx_word' id='word_1_474' title='bbox 1053 989 1114 1041; x_wconf 82' lang='lat' dir='ltr'><strong>tuns</strong></span> <span class='ocrx_word' id='word_1_475' title='bbox 1125 991 1271 1053; x_wconf 85' lang='lat' dir='ltr'><strong>venerant,</strong></span> <span class='ocrx_word' id='word_1_476' title='bbox 1282 991 1311 1043; x_wconf 92' lang='lat' dir='ltr'><strong>ot</strong></span> <span class='ocrx_word' id='word_1_477' title='bbox 1326 1003 1383 1044; x_wconf 90' lang='lat' dir='ltr'><strong>non</strong></span> <span class='ocrx_word' id='word_1_478' title='bbox 1398 986 1494 1045; x_wconf 88' lang='lat' dir='ltr'><strong>solum</strong></span> <span class='ocrx_word' id='word_1_479' title='bbox 1512 989 1661 1057; x_wconf 89' lang='lat' dir='ltr'><strong>intuendo,</strong></span> <span class='ocrx_word' id='word_1_480' title='bbox 1679 989 1730 1044; x_wconf 88' lang='lat' dir='ltr'><strong>sod</strong></span> <span class='ocrx_word' id='word_1_481' title='bbox 1750 989 1837 1045; x_wconf 88' lang='lat' dir='ltr'><strong>etiam</strong></span> <span class='ocrx_word' id='word_1_482' title='bbox 1853 989 1905 1044; x_wconf 92' lang='lat' dir='ltr'><strong>in·</strong></span> 
     </span>
     <span class='ocr_line' id='line_1_66' title="bbox 1053 1075 1906 1151; baseline 0.005 -20"><span class='ocrx_word' id='word_1_483' title='bbox 1053 1075 1157 1133; x_wconf 91' lang='lat' dir='ltr'><strong>trando</strong></span> <span class='ocrx_word' id='word_1_484' title='bbox 1182 1092 1289 1149; x_wconf 88' lang='lat' dir='ltr'><strong>corpus</strong></span> <span class='ocrx_word' id='word_1_485' title='bbox 1313 1077 1431 1134; x_wconf 88' lang='lat' dir='ltr'><strong>Domini</strong></span> <span class='ocrx_word' id='word_1_486' title='bbox 1454 1078 1639 1151; x_wconf 79' lang='lat' dir='ltr'><strong>quesierant,</strong></span> <span class='ocrx_word' id='word_1_487' title='bbox 1656 1093 1708 1135; x_wconf 91' lang='lat' dir='ltr'><strong>noc</strong></span> <span class='ocrx_word' id='word_1_488' title='bbox 1724 1078 1906 1136; x_wconf 84' lang='lat' dir='ltr'><strong>invenerant.</strong></span> 
     </span>
     <span class='ocr_line' id='line_1_67' title="bbox 1052 1163 1906 1240; baseline 0.005 -19"><span class='ocrx_word' id='word_1_489' title='bbox 1052 1163 1124 1229; x_wconf 84' lang='lat' dir='ltr'><strong>Quid</strong></span> <span class='ocrx_word' id='word_1_490' title='bbox 1145 1164 1200 1222; x_wconf 90' lang='lat' dir='ltr'><strong>sibi</strong></span> <span class='ocrx_word' id='word_1_491' title='bbox 1224 1182 1292 1239; x_wconf 91' lang='lat' dir='ltr'><strong>orgo</strong></span> <span class='ocrx_word' id='word_1_492' title='bbox 1307 1167 1369 1224; x_wconf 86' lang='lat' dir='ltr'><strong>vult</strong></span> <span class='ocrx_word' id='word_1_493' title='bbox 1385 1169 1462 1240; x_wconf 89' lang='lat' dir='ltr'><strong>quod</strong></span> <span class='ocrx_word' id='word_1_494' title='bbox 1479 1167 1616 1224; x_wconf 81' lang='lat' dir='ltr'><strong>irtacum</strong></span> <span class='ocrx_word' id='word_1_495' title='bbox 1633 1168 1725 1236; x_wconf 83' lang='lat' dir='ltr'><strong>iteret,</strong></span> <span class='ocrx_word' id='word_1_496' title='bbox 1743 1185 1860 1225; x_wconf 89' lang='lat' dir='ltr'><strong>rursum</strong></span> <span class='ocrx_word' id='word_1_497' title='bbox 1876 1169 1906 1225; x_wconf 91' lang='lat' dir='ltr'><strong>in</strong></span> 
     </span>
     <span class='ocr_line' id='line_1_68' title="bbox 1052 1258 1906 1332; baseline 0.006 -20"><span class='ocrx_word' id='word_1_498' title='bbox 1052 1266 1276 1314; x_wconf 86' lang='lat' dir='ltr'><strong>monumentum</strong></span> <span class='ocrx_word' id='word_1_499' title='bbox 1300 1258 1441 1315; x_wconf 87' lang='lat' dir='ltr'><strong>inclinata</strong></span> <span class='ocrx_word' id='word_1_500' title='bbox 1465 1258 1634 1331; x_wconf 76' lang='lat' dir='ltr'><strong>prospexit?</strong></span> <span class='ocrx_word' id='word_1_501' title='bbox 1650 1259 1751 1317; x_wconf 88' lang='lat' dir='ltr'><strong>Utrum</strong></span> <span class='ocrx_word' id='word_1_502' title='bbox 1766 1260 1845 1332; x_wconf 89' lang='lat' dir='ltr'><strong>qued</strong></span> <span class='ocrx_word' id='word_1_503' title='bbox 1861 1260 1906 1317; x_wconf 90' lang='lat' dir='ltr'><strong>ni·</strong></span> 
     </span>
     <span class='ocr_line' id='line_1_69' title="bbox 1052 1347 1906 1423; baseline 0.005 -20"><span class='ocrx_word' id='word_1_504' title='bbox 1052 1347 1145 1404; x_wconf 91' lang='lat' dir='ltr'><strong>mium</strong></span> <span class='ocrx_word' id='word_1_505' title='bbox 1161 1348 1287 1420; x_wconf 89' lang='lat' dir='ltr'><strong>dolebat,</strong></span> <span class='ocrx_word' id='word_1_506' title='bbox 1300 1365 1353 1407; x_wconf 89' lang='lat' dir='ltr'><strong>noe</strong></span> <span class='ocrx_word' id='word_1_507' title='bbox 1368 1349 1430 1406; x_wconf 91' lang='lat' dir='ltr'><strong>suis</strong></span> <span class='ocrx_word' id='word_1_508' title='bbox 1446 1365 1499 1407; x_wconf 89' lang='lat' dir='ltr'><strong>nec</strong></span> <span class='ocrx_word' id='word_1_509' title='bbox 1514 1349 1632 1406; x_wconf 90' lang='lat' dir='ltr'><strong>illorum</strong></span> <span class='ocrx_word' id='word_1_510' title='bbox 1643 1350 1736 1407; x_wconf 88' lang='lat' dir='ltr'><strong>oeulis</strong></span> <span class='ocrx_word' id='word_1_511' title='bbox 1753 1349 1838 1407; x_wconf 88' lang='lat' dir='ltr'><strong>laeile</strong></span> <span class='ocrx_word' id='word_1_512' title='bbox 1853 1368 1906 1423; x_wconf 90' lang='lat' dir='ltr'><strong>pu-</strong></span> 
     </span>
     <span class='ocr_line' id='line_1_70' title="bbox 1051 1437 1905 1511; baseline 0.005 -18"><span class='ocrx_word' id='word_1_513' title='bbox 1051 1437 1133 1495; x_wconf 88' lang='lat' dir='ltr'><strong>tabat</strong></span> <span class='ocrx_word' id='word_1_514' title='bbox 1145 1453 1210 1496; x_wconf 91' lang='lat' dir='ltr'><strong>esse</strong></span> <span class='ocrx_word' id='word_1_515' title='bbox 1220 1439 1420 1497; x_wconf 77' lang='lat' dir='ltr'><strong>credendum?</strong></span> <span class='ocrx_word' id='word_1_516' title='bbox 1434 1440 1478 1496; x_wconf 85' lang='lat' dir='ltr'><strong>An</strong></span> <span class='ocrx_word' id='word_1_517' title='bbox 1494 1439 1591 1511; x_wconf 90' lang='lat' dir='ltr'><strong>potius</strong></span> <span class='ocrx_word' id='word_1_518' title='bbox 1603 1439 1701 1496; x_wconf 90' lang='lat' dir='ltr'><strong>divino</strong></span> <span class='ocrx_word' id='word_1_519' title='bbox 1717 1440 1860 1497; x_wconf 88' lang='lat' dir='ltr'><strong>instinctu</strong></span> <span class='ocrx_word' id='word_1_520' title='bbox 1877 1442 1905 1497; x_wconf 92' lang='lat' dir='ltr'><strong>in</strong></span> 
     </span>
     <span class='ocr_line' id='line_1_71' title="bbox 1051 1529 1907 1602; baseline 0.005 -19"><span class='ocrx_word' id='word_1_521' title='bbox 1051 1529 1150 1586; x_wconf 89' lang='lat' dir='ltr'><strong>animo</strong></span> <span class='ocrx_word' id='word_1_522' title='bbox 1172 1529 1237 1601; x_wconf 89' lang='lat' dir='ltr'><strong>ojus</strong></span> <span class='ocrx_word' id='word_1_523' title='bbox 1261 1529 1394 1586; x_wconf 85' lang='lat' dir='ltr'><strong>ellectum</strong></span> <span class='ocrx_word' id='word_1_524' title='bbox 1417 1535 1460 1587; x_wconf 89' lang='lat' dir='ltr'><strong>ost</strong></span> <span class='ocrx_word' id='word_1_525' title='bbox 1482 1533 1515 1584; x_wconf 91' lang='lat' dir='ltr'><strong>ut</strong></span> <span class='ocrx_word' id='word_1_526' title='bbox 1540 1529 1740 1602; x_wconf 75' lang='lat' dir='ltr'><strong>prospiceret?</strong></span> <span class='ocrx_word' id='word_1_527' title='bbox 1754 1530 1907 1601; x_wconf 83' lang='lat' dir='ltr'><strong>Prospexit</strong></span> 
     </span>
     <span class='ocr_line' id='line_1_72' title="bbox 1051 1618 1906 1691; baseline 0.002 -16"><span class='ocrx_word' id='word_1_528' title='bbox 1051 1618 1140 1688; x_wconf 90' lang='lat' dir='ltr'><strong>euim,</strong></span> <span class='ocrx_word' id='word_1_529' title='bbox 1156 1619 1189 1675; x_wconf 82' lang='lat' dir='ltr'><strong>Et</strong></span> <span class='ocrx_word' id='word_1_530' title='bbox 1204 1618 1276 1675; x_wconf 86' lang='lat' dir='ltr'><strong>cidit</strong></span> <span class='ocrx_word' id='word_1_531' title='bbox 1296 1618 1363 1675; x_wconf 84' lang='lat' dir='ltr'><strong>duos</strong></span> <span class='ocrx_word' id='word_1_532' title='bbox 1386 1620 1499 1689; x_wconf 77' lang='lat' dir='ltr'><strong>nrrpelos</strong></span> <span class='ocrx_word' id='word_1_533' title='bbox 1522 1622 1552 1676; x_wconf 88' lang='lat' dir='ltr'><strong>in</strong></span> <span class='ocrx_word' id='word_1_534' title='bbox 1574 1618 1655 1687; x_wconf 83' lang='lat' dir='ltr'><strong>olbis,</strong></span> <span class='ocrx_word' id='word_1_535' title='bbox 1670 1620 1805 1691; x_wconf 87' lang='lat' dir='ltr'><strong>sedentes,</strong></span> <span class='ocrx_word' id='word_1_536' title='bbox 1819 1636 1906 1677; x_wconf 89' lang='lat' dir='ltr'><strong>unum</strong></span> 
     </span>
     <span class='ocr_line' id='line_1_73' title="bbox 1051 1707 1906 1782; baseline 0.001 -18"><span class='ocrx_word' id='word_1_537' title='bbox 1051 1707 1089 1764; x_wconf 79' lang='lat' dir='ltr'><strong>orl</strong></span> <span class='ocrx_word' id='word_1_538' title='bbox 1104 1714 1196 1779; x_wconf 84' lang='lat' dir='ltr'><strong>caput,</strong></span> <span class='ocrx_word' id='word_1_539' title='bbox 1208 1711 1231 1764; x_wconf 91' lang='lat' dir='ltr'><strong>et</strong></span> <span class='ocrx_word' id='word_1_540' title='bbox 1247 1725 1333 1765; x_wconf 87' lang='lat' dir='ltr'><strong>uuum</strong></span> <span class='ocrx_word' id='word_1_541' title='bbox 1349 1708 1384 1764; x_wconf 83' lang='lat' dir='ltr'><strong>orl</strong></span> <span class='ocrx_word' id='word_1_542' title='bbox 1398 1711 1492 1781; x_wconf 81' lang='lat' dir='ltr'><strong>pedes,</strong></span> <span class='ocrx_word' id='word_1_543' title='bbox 1505 1709 1555 1765; x_wconf 83' lang='lat' dir='ltr'><strong>ubi</strong></span> <span class='ocrx_word' id='word_1_544' title='bbox 1568 1711 1686 1779; x_wconf 84' lang='lat' dir='ltr'><strong>positum</strong></span> <span class='ocrx_word' id='word_1_545' title='bbox 1700 1712 1794 1781; x_wconf 72' lang='lat' dir='ltr'><strong>fueret</strong></span> <span class='ocrx_word' id='word_1_546' title='bbox 1805 1726 1906 1782; x_wconf 86' lang='lat' dir='ltr'><strong>corpus</strong></span> 
     </span>
     <span class='ocr_line' id='line_1_74' title="bbox 1049 1798 1906 1874; baseline 0.004 -18"><span class='ocrx_word' id='word_1_547' title='bbox 1049 1800 1120 1856; x_wconf 84' lang='lat' dir='ltr'><strong>lesu.</strong></span> <span class='ocrx_word' id='word_1_548' title='bbox 1133 1798 1207 1865; x_wconf 83' lang='lat' dir='ltr'><strong>Quid</strong></span> <span class='ocrx_word' id='word_1_549' title='bbox 1223 1802 1357 1873; x_wconf 87' lang='lat' dir='ltr'><strong>estquod</strong></span> <span class='ocrx_word' id='word_1_550' title='bbox 1376 1817 1454 1857; x_wconf 92' lang='lat' dir='ltr'><strong>unus</strong></span> <span class='ocrx_word' id='word_1_551' title='bbox 1469 1801 1505 1857; x_wconf 94' lang='lat' dir='ltr'><strong>ad</strong></span> <span class='ocrx_word' id='word_1_552' title='bbox 1521 1806 1619 1874; x_wconf 89' lang='lat' dir='ltr'><strong>caput,</strong></span> <span class='ocrx_word' id='word_1_553' title='bbox 1635 1809 1661 1858; x_wconf 87' lang='lat' dir='ltr'><strong>et</strong></span> <span class='ocrx_word' id='word_1_554' title='bbox 1676 1802 1711 1859; x_wconf 91' lang='lat' dir='ltr'><strong>ad</strong></span> <span class='ocrx_word' id='word_1_555' title='bbox 1728 1803 1817 1874; x_wconf 87' lang='lat' dir='ltr'><strong>podes</strong></span> <span class='ocrx_word' id='word_1_556' title='bbox 1832 1802 1906 1859; x_wconf 88' lang='lat' dir='ltr'><strong>alter</strong></span> 
     </span>
     <span class='ocr_line' id='line_1_75' title="bbox 1050 1888 1904 1965; baseline 0.005 -20"><span class='ocrx_word' id='word_1_557' title='bbox 1050 1888 1186 1946; x_wconf 76' lang='lat' dir='ltr'><strong>sedebat?</strong></span> <span class='ocrx_word' id='word_1_558' title='bbox 1201 1895 1255 1956; x_wconf 77' lang='lat' dir='ltr'><strong>An,</strong></span> <span class='ocrx_word' id='word_1_559' title='bbox 1277 1891 1415 1962; x_wconf 89' lang='lat' dir='ltr'><strong>quonlam</strong></span> <span class='ocrx_word' id='word_1_560' title='bbox 1439 1892 1488 1965; x_wconf 92' lang='lat' dir='ltr'><strong>qui</strong></span> <span class='ocrx_word' id='word_1_561' title='bbox 1512 1906 1604 1965; x_wconf 77' lang='lat' dir='ltr'><strong>graece</strong></span> <span class='ocrx_word' id='word_1_562' title='bbox 1627 1891 1729 1964; x_wconf 79' lang='lat' dir='ltr'><strong>Angoli</strong></span> <span class='ocrx_word' id='word_1_563' title='bbox 1753 1892 1904 1961; x_wconf 89' lang='lat' dir='ltr'><strong>dicuntur,</strong></span> 
     </span>
     <span class='ocr_line' id='line_1_76' title="bbox 1048 1979 1903 2056; baseline 0.004 -20"><span class='ocrx_word' id='word_1_564' title='bbox 1048 1979 1136 2036; x_wconf 88' lang='lat' dir='ltr'><strong>latlno</strong></span> <span class='ocrx_word' id='word_1_565' title='bbox 1147 1984 1217 2037; x_wconf 87' lang='lat' dir='ltr'><strong>eunt</strong></span> <span class='ocrx_word' id='word_1_566' title='bbox 1228 1980 1332 2052; x_wconf 82' lang='lat' dir='ltr'><strong>nuntii,</strong></span> <span class='ocrx_word' id='word_1_567' title='bbox 1341 1981 1398 2038; x_wconf 91' lang='lat' dir='ltr'><strong>isto</strong></span> <span class='ocrx_word' id='word_1_568' title='bbox 1409 1981 1494 2038; x_wconf 93' lang='lat' dir='ltr'><strong>modo</strong></span> <span class='ocrx_word' id='word_1_569' title='bbox 1506 1980 1612 2038; x_wconf 83' lang='lat' dir='ltr'><strong>Christi</strong></span> <span class='ocrx_word' id='word_1_570' title='bbox 1623 1980 1813 2056; x_wconf 75' lang='lat' dir='ltr'><strong>Evangelium</strong></span> <span class='ocrx_word' id='word_1_571' title='bbox 1824 1982 1903 2039; x_wconf 83' lang='lat' dir='ltr'><strong>velut</strong></span> 
     </span>
     <span class='ocr_line' id='line_1_77' title="bbox 1048 2069 1903 2144; baseline 0.004 -18"><span class='ocrx_word' id='word_1_572' title='bbox 1048 2069 1173 2141; x_wconf 86' lang='lat' dir='ltr'><strong>aespite</strong></span> <span class='ocrx_word' id='word_1_573' title='bbox 1196 2085 1289 2144; x_wconf 88' lang='lat' dir='ltr'><strong>usqua</strong></span> <span class='ocrx_word' id='word_1_574' title='bbox 1313 2073 1350 2126; x_wconf 90' lang='lat' dir='ltr'><strong>ad</strong></span> <span class='ocrx_word' id='word_1_575' title='bbox 1373 2073 1472 2144; x_wconf 87' lang='lat' dir='ltr'><strong>pedes,</strong></span> <span class='ocrx_word' id='word_1_576' title='bbox 1497 2070 1531 2126; x_wconf 91' lang='lat' dir='ltr'><strong>ab</strong></span> <span class='ocrx_word' id='word_1_577' title='bbox 1558 2070 1643 2127; x_wconf 91' lang='lat' dir='ltr'><strong>initio</strong></span> <span class='ocrx_word' id='word_1_578' title='bbox 1658 2087 1751 2139; x_wconf 81' lang='lat' dir='ltr'><strong>uanus</strong></span> <span class='ocrx_word' id='word_1_579' title='bbox 1767 2070 1796 2128; x_wconf 91' lang='lat' dir='ltr'><strong>ia</strong></span> <span class='ocrx_word' id='word_1_580' title='bbox 1814 2072 1903 2129; x_wconf 90' lang='lat' dir='ltr'><strong>linem</strong></span> 
     </span>
     <span class='ocr_line' id='line_1_78' title="bbox 1048 2159 1903 2233; baseline 0.001 -17"><span class='ocrx_word' id='word_1_581' title='bbox 1048 2159 1252 2232; x_wconf 79' lang='lat' dir='ltr'><strong>significabant</strong></span> <span class='ocrx_word' id='word_1_582' title='bbox 1263 2176 1326 2216; x_wconf 89' lang='lat' dir='ltr'><strong>essa</strong></span> <span class='ocrx_word' id='word_1_583' title='bbox 1342 2159 1558 2216; x_wconf 81' lang='lat' dir='ltr'><strong>nuntiandum?</strong></span> <span class='ocrx_word' id='word_1_584' title='bbox 1570 2161 1668 2217; x_wconf 88' lang='lat' dir='ltr'><strong>Dicunt</strong></span> <span class='ocrx_word' id='word_1_585' title='bbox 1677 2162 1705 2218; x_wconf 91' lang='lat' dir='ltr'><strong>ei</strong></span> <span class='ocrx_word' id='word_1_586' title='bbox 1715 2161 1760 2217; x_wconf 86' lang='lat' dir='ltr'><strong>illi</strong></span> <span class='ocrx_word' id='word_1_587' title='bbox 1772 2161 1903 2233; x_wconf 72' lang='lat' dir='ltr'><strong>suatur,</strong></span> 
     </span>
     <span class='ocr_line' id='line_1_79' title="bbox 1049 2248 1903 2321; baseline 0.005 -16"><span class='ocrx_word' id='word_1_588' title='bbox 1049 2249 1114 2321; x_wconf 79' lang='lat' dir='ltr'><strong>quid</strong></span> <span class='ocrx_word' id='word_1_589' title='bbox 1123 2249 1241 2321; x_wconf 81' lang='lat' dir='ltr'><strong>plores?</strong></span> <span class='ocrx_word' id='word_1_590' title='bbox 1256 2248 1333 2305; x_wconf 83' lang='lat' dir='ltr'><strong>Dicit</strong></span> <span class='ocrx_word' id='word_1_591' title='bbox 1347 2252 1403 2306; x_wconf 86' lang='lat' dir='ltr'><strong>eis:</strong></span> <span class='ocrx_word' id='word_1_592' title='bbox 1415 2250 1486 2319; x_wconf 80' lang='lat' dir='ltr'><strong>Quin</strong></span> <span class='ocrx_word' id='word_1_593' title='bbox 1499 2251 1623 2307; x_wconf 89' lang='lat' dir='ltr'><strong>tulerunt</strong></span> <span class='ocrx_word' id='word_1_594' title='bbox 1638 2251 1785 2307; x_wconf 89' lang='lat' dir='ltr'><strong>Dominum</strong></span> <span class='ocrx_word' id='word_1_595' title='bbox 1800 2268 1903 2321; x_wconf 87' lang='lat' dir='ltr'><strong>meum,</strong></span> 
     </span>
     <span class='ocr_line' id='line_1_80' title="bbox 1048 2338 1903 2414; baseline 0.002 -19"><span class='ocrx_word' id='word_1_596' title='bbox 1048 2347 1074 2395; x_wconf 89' lang='lat' dir='ltr'><strong>et</strong></span> <span class='ocrx_word' id='word_1_597' title='bbox 1089 2340 1178 2396; x_wconf 86' lang='lat' dir='ltr'><strong>neseio</strong></span> <span class='ocrx_word' id='word_1_598' title='bbox 1193 2339 1240 2395; x_wconf 84' lang='lat' dir='ltr'><strong>ubi</strong></span> <span class='ocrx_word' id='word_1_599' title='bbox 1253 2347 1401 2412; x_wconf 82' lang='lat' dir='ltr'><strong>posuerunt</strong></span> <span class='ocrx_word' id='word_1_600' title='bbox 1415 2355 1488 2396; x_wconf 89' lang='lat' dir='ltr'><strong>eum.</strong></span> <span class='ocrx_word' id='word_1_601' title='bbox 1504 2338 1605 2412; x_wconf 84' lang='lat' dir='ltr'><strong>Augali</strong></span> <span class='ocrx_word' id='word_1_602' title='bbox 1630 2338 1776 2413; x_wconf 72' lang='lat' dir='ltr'><strong>lacrymas</strong></span> <span class='ocrx_word' id='word_1_603' title='bbox 1801 2340 1903 2414; x_wconf 88' lang='lat' dir='ltr'><strong>probl-</strong></span> 
     </span>
     <span class='ocr_line' id='line_1_81' title="bbox 1047 2428 1903 2503; baseline 0.002 -17"><span class='ocrx_word' id='word_1_604' title='bbox 1047 2430 1156 2486; x_wconf 86' lang='lat' dir='ltr'><strong>bebant</strong></span> <span class='ocrx_word' id='word_1_605' title='bbox 1168 2448 1174 2486; x_wconf 93' lang='lat'>:</span> <span class='ocrx_word' id='word_1_606' title='bbox 1188 2429 1237 2486; x_wconf 93' lang='lat' dir='ltr'><strong>ubl</strong></span> <span class='ocrx_word' id='word_1_607' title='bbox 1249 2429 1321 2502; x_wconf 87' lang='lat' dir='ltr'><strong>quid</strong></span> <span class='ocrx_word' id='word_1_608' title='bbox 1336 2428 1416 2485; x_wconf 92' lang='lat' dir='ltr'><strong>alind</strong></span> <span class='ocrx_word' id='word_1_609' title='bbox 1431 2444 1521 2502; x_wconf 87' lang='lat' dir='ltr'><strong>quam</strong></span> <span class='ocrx_word' id='word_1_610' title='bbox 1538 2429 1668 2485; x_wconf 81' lang='lat' dir='ltr'><strong>futurum</strong></span> <span class='ocrx_word' id='word_1_611' title='bbox 1685 2428 1903 2503; x_wconf 87' lang='lat' dir='ltr'><strong>quodammodo</strong></span> 
     </span>
     <span class='ocr_line' id='line_1_82' title="bbox 1047 2518 1905 2594; baseline 0 -19"><span class='ocrx_word' id='word_1_612' title='bbox 1047 2519 1188 2594; x_wconf 89' lang='lat' dir='ltr'><strong>gaudium</strong></span> <span class='ocrx_word' id='word_1_613' title='bbox 1206 2519 1402 2576; x_wconf 85' lang='lat' dir='ltr'><strong>nuntiabant?</strong></span> <span class='ocrx_word' id='word_1_614' title='bbox 1413 2520 1455 2575; x_wconf 91' lang='lat' dir='ltr'><strong>lta</strong></span> <span class='ocrx_word' id='word_1_615' title='bbox 1467 2518 1546 2575; x_wconf 89' lang='lat' dir='ltr'><strong>onim</strong></span> <span class='ocrx_word' id='word_1_616' title='bbox 1557 2519 1701 2587; x_wconf 89' lang='lat' dir='ltr'><strong>dixerunt,</strong></span> <span class='ocrx_word' id='word_1_617' title='bbox 1711 2519 1905 2593; x_wconf 81' lang='lat' dir='ltr'><strong>Quidpleros?</strong></span> 
     </span>
     <span class='ocr_line' id='line_1_83' title="bbox 1047 2608 1904 2682; baseline 0.001 -15"><span class='ocrx_word' id='word_1_618' title='bbox 1047 2626 1081 2667; x_wconf 92' lang='lat' dir='ltr'><strong>ac</strong></span> <span class='ocrx_word' id='word_1_619' title='bbox 1096 2611 1120 2667; x_wconf 90' lang='lat' dir='ltr'><strong>si</strong></span> <span class='ocrx_word' id='word_1_620' title='bbox 1136 2612 1274 2681; x_wconf 85' lang='lat' dir='ltr'><strong>dicerent,</strong></span> <span class='ocrx_word' id='word_1_621' title='bbox 1290 2609 1353 2666; x_wconf 90' lang='lat' dir='ltr'><strong>Noli</strong></span> <span class='ocrx_word' id='word_1_622' title='bbox 1373 2608 1495 2681; x_wconf 90' lang='lat' dir='ltr'><strong>plorare.</strong></span> <span class='ocrx_word' id='word_1_623' title='bbox 1508 2611 1542 2666; x_wconf 83' lang='lat' dir='ltr'><strong>tt</strong></span> <span class='ocrx_word' id='word_1_624' title='bbox 1556 2609 1608 2666; x_wconf 89' lang='lat' dir='ltr'><strong>illa</strong></span> <span class='ocrx_word' id='word_1_625' title='bbox 1622 2626 1672 2666; x_wconf 89' lang='lat' dir='ltr'><strong>eos</strong></span> <span class='ocrx_word' id='word_1_626' title='bbox 1689 2615 1793 2682; x_wconf 86' lang='lat' dir='ltr'><strong>putans</strong></span> <span class='ocrx_word' id='word_1_627' title='bbox 1808 2611 1904 2668; x_wconf 89' lang='lat' dir='ltr'><strong>inter-</strong></span> 
     </span>
     <span class='ocr_line' id='line_1_84' title="bbox 1047 2699 1904 2775; baseline -0.001 -16"><span class='ocrx_word' id='word_1_628' title='bbox 1047 2719 1166 2775; x_wconf 81' lang='lat' dir='ltr'><strong>rogasse</strong></span> <span class='ocrx_word' id='word_1_629' title='bbox 1181 2701 1354 2767; x_wconf 89' lang='lat' dir='ltr'><strong>nescientes,</strong></span> <span class='ocrx_word' id='word_1_630' title='bbox 1370 2717 1476 2758; x_wconf 90' lang='lat' dir='ltr'><strong>caasas</strong></span> <span class='ocrx_word' id='word_1_631' title='bbox 1492 2701 1587 2773; x_wconf 87' lang='lat' dir='ltr'><strong>prodit</strong></span> <span class='ocrx_word' id='word_1_632' title='bbox 1606 2699 1813 2774; x_wconf 78' lang='lat' dir='ltr'><strong>lacrymarum.</strong></span> <span class='ocrx_word' id='word_1_633' title='bbox 1832 2703 1904 2772; x_wconf 84' lang='lat' dir='ltr'><strong>Quin</strong></span> 
     </span>
     <span class='ocr_line' id='line_1_85' title="bbox 1046 2791 1903 2866; baseline 0 -17"><span class='ocrx_word' id='word_1_634' title='bbox 1046 2793 1180 2858; x_wconf 89' lang='lat' dir='ltr'><strong>tulerunt,</strong></span> <span class='ocrx_word' id='word_1_635' title='bbox 1205 2793 1312 2866; x_wconf 91' lang='lat' dir='ltr'><strong>inquit,</strong></span> <span class='ocrx_word' id='word_1_636' title='bbox 1338 2793 1481 2849; x_wconf 88' lang='lat' dir='ltr'><strong>Dominum</strong></span> <span class='ocrx_word' id='word_1_637' title='bbox 1502 2808 1618 2849; x_wconf 84' lang='lat' dir='ltr'><strong>meum:</strong></span> <span class='ocrx_word' id='word_1_638' title='bbox 1635 2791 1793 2849; x_wconf 90' lang='lat' dir='ltr'><strong>Dominum</strong></span> <span class='ocrx_word' id='word_1_639' title='bbox 1813 2808 1903 2850; x_wconf 93' lang='lat' dir='ltr'><strong>suum</strong></span> 
     </span>
     <span class='ocr_line' id='line_1_86' title="bbox 1044 2882 1903 2955; baseline 0 -16"><span class='ocrx_word' id='word_1_640' title='bbox 1044 2898 1150 2940; x_wconf 82' lang='lat' dir='ltr'><strong>rotans</strong></span> <span class='ocrx_word' id='word_1_641' title='bbox 1174 2898 1280 2955; x_wconf 90' lang='lat' dir='ltr'><strong>corpus</strong></span> <span class='ocrx_word' id='word_1_642' title='bbox 1303 2882 1436 2941; x_wconf 83' lang='lat' dir='ltr'><strong>examine</strong></span> <span class='ocrx_word' id='word_1_643' title='bbox 1461 2883 1573 2940; x_wconf 90' lang='lat' dir='ltr'><strong>Domini</strong></span> <span class='ocrx_word' id='word_1_644' title='bbox 1595 2882 1682 2949; x_wconf 89' lang='lat' dir='ltr'><strong>sui,a</strong></span> <span class='ocrx_word' id='word_1_645' title='bbox 1705 2885 1764 2939; x_wconf 91' lang='lat' dir='ltr'><strong>toto</strong></span> <span class='ocrx_word' id='word_1_646' title='bbox 1789 2891 1903 2955; x_wconf 89' lang='lat' dir='ltr'><strong>partem</strong></span> 
     </span>
     <span class='ocr_line' id='line_1_87' title="bbox 1045 2972 1902 3046; baseline 0.001 -17"><span class='ocrx_word' id='word_1_647' title='bbox 1045 2973 1232 3046; x_wconf 88' lang='lat' dir='ltr'><strong>siguiilcsns;</strong></span> <span class='ocrx_word' id='word_1_648' title='bbox 1249 2972 1326 3031; x_wconf 87' lang='lat' dir='ltr'><strong>sieut</strong></span> <span class='ocrx_word' id='word_1_649' title='bbox 1335 2990 1438 3030; x_wconf 90' lang='lat' dir='ltr'><strong>omnes</strong></span> <span class='ocrx_word' id='word_1_650' title='bbox 1450 2974 1625 3031; x_wconf 82' lang='lat' dir='ltr'><strong>confitemur</strong></span> <span class='ocrx_word' id='word_1_651' title='bbox 1634 2972 1736 3030; x_wconf 80' lang='lat' dir='ltr'><strong>iesum</strong></span> <span class='ocrx_word' id='word_1_652' title='bbox 1747 2973 1902 3031; x_wconf 86' lang='lat' dir='ltr'><strong>Christum</strong></span> 
     </span>
     <span class='ocr_line' id='line_1_88' title="bbox 1044 3062 1902 3138; baseline 0 -15"><span class='ocrx_word' id='word_1_653' title='bbox 1044 3062 1149 3123; x_wconf 81' lang='lat' dir='ltr'><strong>Filium</strong></span> <span class='ocrx_word' id='word_1_654' title='bbox 1168 3065 1215 3122; x_wconf 92' lang='lat' dir='ltr'><strong>Dei</strong></span> <span class='ocrx_word' id='word_1_655' title='bbox 1232 3064 1349 3122; x_wconf 90' lang='lat' dir='ltr'><strong>unicum</strong></span> <span class='ocrx_word' id='word_1_656' title='bbox 1365 3065 1523 3122; x_wconf 89' lang='lat' dir='ltr'><strong>Dominum</strong></span> <span class='ocrx_word' id='word_1_657' title='bbox 1537 3067 1683 3132; x_wconf 90' lang='lat' dir='ltr'><strong>nostrum,</strong></span> <span class='ocrx_word' id='word_1_658' title='bbox 1699 3065 1779 3137; x_wconf 85' lang='lat' dir='ltr'><strong>quod</strong></span> <span class='ocrx_word' id='word_1_659' title='bbox 1801 3065 1902 3138; x_wconf 86' lang='lat' dir='ltr'><strong>utique</strong></span> 
     </span>
     <span class='ocr_line' id='line_1_89' title="bbox 1043 3154 1902 3221; baseline 0.001 -9"><span class='ocrx_word' id='word_1_660' title='bbox 1043 3155 1133 3213; x_wconf 83' lang='lat' dir='ltr'><strong>simul</strong></span> <span class='ocrx_word' id='word_1_661' title='bbox 1146 3159 1228 3213; x_wconf 85' lang='lat' dir='ltr'><strong>ostat</strong></span> <span class='ocrx_word' id='word_1_662' title='bbox 1237 3155 1364 3212; x_wconf 87' lang='lat' dir='ltr'><strong>Verbum</strong></span> <span class='ocrx_word' id='word_1_663' title='bbox 1380 3163 1406 3213; x_wconf 93' lang='lat' dir='ltr'><strong>ot</strong></span> <span class='ocrx_word' id='word_1_664' title='bbox 1423 3155 1521 3212; x_wconf 87' lang='lat' dir='ltr'><strong>anima</strong></span> <span class='ocrx_word' id='word_1_665' title='bbox 1535 3157 1563 3212; x_wconf 92' lang='lat' dir='ltr'><strong>et</strong></span> <span class='ocrx_word' id='word_1_666' title='bbox 1578 3170 1655 3221; x_wconf 90' lang='lat' dir='ltr'><strong>caro,</strong></span> <span class='ocrx_word' id='word_1_667' title='bbox 1667 3154 1841 3213; x_wconf 88' lang='lat' dir='ltr'><strong>crucilixom</strong></span> <span class='ocrx_word' id='word_1_668' title='bbox 1858 3161 1902 3213; x_wconf 89' lang='lat' dir='ltr'><strong>ta·</strong></span> 
     </span>
     <span class='ocr_line' id='line_1_90' title="bbox 1045 3245 1903 3320; baseline 0.003 -17"><span class='ocrx_word' id='word_1_669' title='bbox 1045 3263 1112 3303; x_wconf 92' lang='lat' dir='ltr'><strong>men</strong></span> <span class='ocrx_word' id='word_1_670' title='bbox 1127 3252 1156 3304; x_wconf 91' lang='lat' dir='ltr'><strong>ot</strong></span> <span class='ocrx_word' id='word_1_671' title='bbox 1169 3246 1329 3320; x_wconf 88' lang='lat' dir='ltr'><strong>sepultum,</strong></span> <span class='ocrx_word' id='word_1_672' title='bbox 1345 3262 1413 3304; x_wconf 92' lang='lat' dir='ltr'><strong>cum</strong></span> <span class='ocrx_word' id='word_1_673' title='bbox 1428 3246 1490 3303; x_wconf 87' lang='lat' dir='ltr'><strong>sola</strong></span> <span class='ocrx_word' id='word_1_674' title='bbox 1504 3247 1569 3320; x_wconf 88' lang='lat' dir='ltr'><strong>ojus</strong></span> <span class='ocrx_word' id='word_1_675' title='bbox 1585 3245 1702 3320; x_wconf 88' lang='lat' dir='ltr'><strong>sepulta</strong></span> <span class='ocrx_word' id='word_1_676' title='bbox 1717 3246 1755 3303; x_wconf 87' lang='lat' dir='ltr'><strong>sit</strong></span> <span class='ocrx_word' id='word_1_677' title='bbox 1774 3263 1853 3304; x_wconf 86' lang='lat' dir='ltr'><strong>caro.</strong></span> <span class='ocrx_word' id='word_1_678' title='bbox 1869 3249 1903 3306; x_wconf 77' lang='lat' dir='ltr'><strong>Et</strong></span> 
     </span>
     <span class='ocr_line' id='line_1_91' title="bbox 1042 3336 1901 3411; baseline 0.003 -19"><span class='ocrx_word' id='word_1_679' title='bbox 1042 3339 1143 3405; x_wconf 85' lang='lat' dir='ltr'><strong>nescio,</strong></span> <span class='ocrx_word' id='word_1_680' title='bbox 1153 3337 1257 3410; x_wconf 85' lang='lat' dir='ltr'><strong>inquit,</strong></span> <span class='ocrx_word' id='word_1_681' title='bbox 1267 3337 1319 3395; x_wconf 87' lang='lat' dir='ltr'><strong>ubi</strong></span> <span class='ocrx_word' id='word_1_682' title='bbox 1330 3347 1480 3411; x_wconf 78' lang='lat' dir='ltr'><strong>posuerunt</strong></span> <span class='ocrx_word' id='word_1_683' title='bbox 1496 3354 1568 3395; x_wconf 92' lang='lat' dir='ltr'><strong>eum.</strong></span> <span class='ocrx_word' id='word_1_684' title='bbox 1579 3336 1642 3393; x_wconf 82' lang='lat' dir='ltr'><strong>llaec</strong></span> <span class='ocrx_word' id='word_1_685' title='bbox 1657 3342 1720 3394; x_wconf 81' lang='lat' dir='ltr'><strong>orat</strong></span> <span class='ocrx_word' id='word_1_686' title='bbox 1735 3353 1826 3395; x_wconf 85' lang='lat' dir='ltr'><strong>causa</strong></span> <span class='ocrx_word' id='word_1_687' title='bbox 1837 3355 1901 3396; x_wconf 90' lang='lat' dir='ltr'><strong>rna-</strong></span> 
     </span>
     <span class='ocr_line' id='line_1_92' title="bbox 1040 3424 1899 3500; baseline 0.003 -17"><span class='ocrx_word' id='word_1_688' title='bbox 1040 3428 1086 3499; x_wconf 84' lang='lat' dir='ltr'><strong>jor</strong></span> <span class='ocrx_word' id='word_1_689' title='bbox 1100 3424 1219 3495; x_wconf 86' lang='lat' dir='ltr'><strong>doloris,</strong></span> <span class='ocrx_word' id='word_1_690' title='bbox 1236 3427 1306 3499; x_wconf 91' lang='lat' dir='ltr'><strong>quia</strong></span> <span class='ocrx_word' id='word_1_691' title='bbox 1326 3426 1546 3500; x_wconf 84' lang='lat' dir='ltr'><strong>nesciebatque</strong></span> <span class='ocrx_word' id='word_1_692' title='bbox 1563 3426 1617 3484; x_wconf 90' lang='lat' dir='ltr'><strong>iret</strong></span> <span class='ocrx_word' id='word_1_693' title='bbox 1632 3427 1669 3483; x_wconf 88' lang='lat' dir='ltr'><strong>ad</strong></span> <span class='ocrx_word' id='word_1_694' title='bbox 1683 3426 1899 3486; x_wconf 82' lang='lat' dir='ltr'><strong>consolandum</strong></span> 
     </span>
     <span class='ocr_line' id='line_1_93' title="bbox 1043 3515 1901 3590; baseline 0.003 -18"><span class='ocrx_word' id='word_1_695' title='bbox 1043 3515 1183 3572; x_wconf 88' lang='lat' dir='ltr'><strong>dolerem.</strong></span> <span class='ocrx_word' id='word_1_696' title='bbox 1199 3516 1254 3573; x_wconf 84' lang='lat' dir='ltr'><strong>Sed</strong></span> <span class='ocrx_word' id='word_1_697' title='bbox 1272 3517 1341 3573; x_wconf 91' lang='lat' dir='ltr'><strong>bora</strong></span> <span class='ocrx_word' id='word_1_698' title='bbox 1352 3517 1416 3589; x_wconf 92' lang='lat' dir='ltr'><strong>jam</strong></span> <span class='ocrx_word' id='word_1_699' title='bbox 1431 3521 1549 3575; x_wconf 86' lang='lat' dir='ltr'><strong>renorat</strong></span> <span class='ocrx_word' id='word_1_700' title='bbox 1564 3516 1665 3590; x_wconf 90' lang='lat' dir='ltr'><strong>quaid</strong></span> <span class='ocrx_word' id='word_1_701' title='bbox 1682 3516 1760 3589; x_wconf 87' lang='lat' dir='ltr'><strong>quod</strong></span> <span class='ocrx_word' id='word_1_702' title='bbox 1777 3517 1901 3575; x_wconf 88' lang='lat' dir='ltr'><strong>nuntia·</strong></span> 
     </span>
     <span class='ocr_line' id='line_1_94' title="bbox 1042 3606 1901 3680; baseline 0 -18"><span class='ocrx_word' id='word_1_703' title='bbox 1042 3610 1104 3662; x_wconf 89' lang='lat' dir='ltr'><strong>tum</strong></span> <span class='ocrx_word' id='word_1_704' title='bbox 1117 3607 1333 3678; x_wconf 90' lang='lat' dir='ltr'><strong>quodammodo</strong></span> <span class='ocrx_word' id='word_1_705' title='bbox 1349 3607 1443 3664; x_wconf 88' lang='lat' dir='ltr'><strong>iuerat</strong></span> <span class='ocrx_word' id='word_1_706' title='bbox 1458 3608 1494 3665; x_wconf 90' lang='lat' dir='ltr'><strong>ab</strong></span> <span class='ocrx_word' id='word_1_707' title='bbox 1509 3608 1621 3679; x_wconf 89' lang='lat' dir='ltr'><strong>angelis</strong></span> <span class='ocrx_word' id='word_1_708' title='bbox 1636 3608 1705 3666; x_wconf 86' lang='lat' dir='ltr'><strong>llere</strong></span> <span class='ocrx_word' id='word_1_709' title='bbox 1718 3606 1901 3680; x_wconf 83' lang='lat' dir='ltr'><strong>prohibenti·</strong></span> 
     </span>
     <span class='ocr_line' id='line_1_95' title="bbox 1042 3695 1593 3768; baseline 0.005 -17"><span class='ocrx_word' id='word_1_710' title='bbox 1042 3696 1107 3765; x_wconf 87' lang='lat' dir='ltr'><strong>bus,</strong></span> <span class='ocrx_word' id='word_1_711' title='bbox 1125 3695 1265 3768; x_wconf 89' lang='lat' dir='ltr'><strong>gaudium</strong></span> <span class='ocrx_word' id='word_1_712' title='bbox 1280 3695 1449 3754; x_wconf 87' lang='lat' dir='ltr'><strong>succederet</strong></span> <span class='ocrx_word' id='word_1_713' title='bbox 1464 3696 1593 3754; x_wconf 90' lang='lat' dir='ltr'><strong>lletibus.</strong></span> 
     </span>
    </p>

    <p class='ocr_par' dir='ltr' id='par_1_13' title="bbox 1038 3786 1899 5666">
     <span class='ocr_line' id='line_1_96' title="bbox 1075 3786 1899 3860; baseline 0.008 -21"><span class='ocrx_word' id='word_1_714' title='bbox 1075 3786 1104 3843; x_wconf 82' lang='lat'><strong>2.</strong></span> <span class='ocrx_word' id='word_1_715' title='bbox 1122 3787 1252 3860; x_wconf 85' lang='lat' dir='ltr'><strong>Denique</strong></span> <span class='ocrx_word' id='word_1_716' title='bbox 1267 3809 1281 3839; x_wconf 79' lang='lat' dir='ltr'><strong>a</strong></span> <span class='ocrx_word' id='word_1_717' title='bbox 1298 3786 1358 3842; x_wconf 81' lang='lat' dir='ltr'><strong>bac</strong></span> <span class='ocrx_word' id='word_1_718' title='bbox 1378 3802 1444 3844; x_wconf 92' lang='lat' dir='ltr'><strong>cum</strong></span> <span class='ocrx_word' id='word_1_719' title='bbox 1467 3787 1601 3858; x_wconf 82' lang='lat' dir='ltr'><strong>dixisset,</strong></span> <span class='ocrx_word' id='word_1_720' title='bbox 1616 3803 1757 3845; x_wconf 87' lang='lat' dir='ltr'><strong>conversa</strong></span> <span class='ocrx_word' id='word_1_721' title='bbox 1779 3792 1827 3846; x_wconf 90' lang='lat' dir='ltr'><strong>ost</strong></span> <span class='ocrx_word' id='word_1_722' title='bbox 1851 3805 1899 3846; x_wconf 90' lang='lat' dir='ltr'><strong>re·</strong></span> 
     </span>
     <span class='ocr_line' id='line_1_97' title="bbox 1042 3877 1898 3950; baseline 0.004 -17"><span class='ocrx_word' id='word_1_723' title='bbox 1042 3883 1177 3947; x_wconf 87' lang='lat' dir='ltr'><strong>troraum,</strong></span> <span class='ocrx_word' id='word_1_724' title='bbox 1192 3877 1305 3934; x_wconf 83' lang='lat' dir='ltr'><strong>stridit</strong></span> <span class='ocrx_word' id='word_1_725' title='bbox 1319 3878 1418 3934; x_wconf 85' lang='lat' dir='ltr'><strong>lesum</strong></span> <span class='ocrx_word' id='word_1_726' title='bbox 1433 3881 1572 3948; x_wconf 90' lang='lat' dir='ltr'><strong>stantem,</strong></span> <span class='ocrx_word' id='word_1_727' title='bbox 1583 3882 1611 3935; x_wconf 89' lang='lat' dir='ltr'><strong>ot</strong></span> <span class='ocrx_word' id='word_1_728' title='bbox 1626 3894 1683 3935; x_wconf 91' lang='lat' dir='ltr'><strong>non</strong></span> <span class='ocrx_word' id='word_1_729' title='bbox 1699 3877 1812 3935; x_wconf 86' lang='lat' dir='ltr'><strong>sciebat</strong></span> <span class='ocrx_word' id='word_1_730' title='bbox 1828 3880 1898 3950; x_wconf 89' lang='lat' dir='ltr'><strong>quia</strong></span> 
     </span>
     <span class='ocr_line' id='line_1_98' title="bbox 1039 3967 1897 4042; baseline 0.003 -19"><span class='ocrx_word' id='word_1_731' title='bbox 1039 3967 1126 4024; x_wconf 87' lang='lat' dir='ltr'><strong>iesus</strong></span> <span class='ocrx_word' id='word_1_732' title='bbox 1141 3973 1194 4025; x_wconf 90' lang='lat' dir='ltr'><strong>est.</strong></span> <span class='ocrx_word' id='word_1_733' title='bbox 1210 3967 1285 4025; x_wconf 88' lang='lat' dir='ltr'><strong>Dicit</strong></span> <span class='ocrx_word' id='word_1_734' title='bbox 1300 3967 1326 4023; x_wconf 89' lang='lat' dir='ltr'><strong>ei</strong></span> <span class='ocrx_word' id='word_1_735' title='bbox 1340 3967 1425 4025; x_wconf 88' lang='lat' dir='ltr'><strong>Josus</strong></span> <span class='ocrx_word' id='word_1_736' title='bbox 1437 3987 1444 4026; x_wconf 91' lang='lat'>:</span> <span class='ocrx_word' id='word_1_737' title='bbox 1457 3968 1569 4037; x_wconf 86' lang='lat' dir='ltr'><strong>Melior,</strong></span> <span class='ocrx_word' id='word_1_738' title='bbox 1582 3968 1652 4042; x_wconf 89' lang='lat' dir='ltr'><strong>quid</strong></span> <span class='ocrx_word' id='word_1_739' title='bbox 1668 3968 1788 4042; x_wconf 83' lang='lat' dir='ltr'><strong>plorasl</strong></span> <span class='ocrx_word' id='word_1_740' title='bbox 1801 3971 1897 4038; x_wconf 82' lang='lat' dir='ltr'><strong>Quem</strong></span> 
     </span>
     <span class='ocr_line' id='line_1_99' title="bbox 1040 4057 1899 4133; baseline 0.003 -21"><span class='ocrx_word' id='word_1_741' title='bbox 1040 4057 1170 4131; x_wconf 83' lang='lat' dir='ltr'><strong>quaeris?</strong></span> <span class='ocrx_word' id='word_1_742' title='bbox 1185 4058 1237 4116; x_wconf 89' lang='lat' dir='ltr'><strong>llla</strong></span> <span class='ocrx_word' id='word_1_743' title='bbox 1251 4058 1423 4116; x_wconf 90' lang='lat' dir='ltr'><strong>existimans</strong></span> <span class='ocrx_word' id='word_1_744' title='bbox 1438 4060 1505 4133; x_wconf 88' lang='lat' dir='ltr'><strong>quia</strong></span> <span class='ocrx_word' id='word_1_745' title='bbox 1526 4058 1700 4117; x_wconf 89' lang='lat' dir='ltr'><strong>hortulanus</strong></span> <span class='ocrx_word' id='word_1_746' title='bbox 1719 4063 1810 4127; x_wconf 89' lang='lat' dir='ltr'><strong>osset,</strong></span> <span class='ocrx_word' id='word_1_747' title='bbox 1826 4058 1899 4116; x_wconf 89' lang='lat' dir='ltr'><strong>dicit</strong></span> 
     </span>
     <span class='ocr_line' id='line_1_100' title="bbox 1041 4146 1897 4223; baseline 0.002 -20"><span class='ocrx_word' id='word_1_748' title='bbox 1041 4146 1067 4203; x_wconf 89' lang='lat' dir='ltr'><strong>ei</strong></span> <span class='ocrx_word' id='word_1_749' title='bbox 1079 4163 1086 4203; x_wconf 77' lang='grc' dir='ltr'><strong>ι</strong></span> <span class='ocrx_word' id='word_1_750' title='bbox 1100 4147 1229 4219; x_wconf 89' lang='lat' dir='ltr'><strong>Domino,</strong></span> <span class='ocrx_word' id='word_1_751' title='bbox 1240 4148 1266 4206; x_wconf 88' lang='lat' dir='ltr'><strong>si</strong></span> <span class='ocrx_word' id='word_1_752' title='bbox 1281 4152 1311 4205; x_wconf 91' lang='lat' dir='ltr'><strong>tu</strong></span> <span class='ocrx_word' id='word_1_753' title='bbox 1329 4149 1474 4207; x_wconf 87' lang='lat' dir='ltr'><strong>sustulisti</strong></span> <span class='ocrx_word' id='word_1_754' title='bbox 1488 4164 1566 4218; x_wconf 88' lang='lat' dir='ltr'><strong>oum,</strong></span> <span class='ocrx_word' id='word_1_755' title='bbox 1582 4149 1671 4206; x_wconf 92' lang='lat' dir='ltr'><strong>dicito</strong></span> <span class='ocrx_word' id='word_1_756' title='bbox 1688 4148 1760 4205; x_wconf 90' lang='lat' dir='ltr'><strong>mibi</strong></span> <span class='ocrx_word' id='word_1_757' title='bbox 1776 4149 1826 4205; x_wconf 89' lang='lat' dir='ltr'><strong>ubi</strong></span> <span class='ocrx_word' id='word_1_758' title='bbox 1844 4164 1897 4223; x_wconf 94' lang='lat' dir='ltr'><strong>po·</strong></span> 
     </span>
     <span class='ocr_line' id='line_1_101' title="bbox 1040 4238 1896 4313; baseline 0 -21"><span class='ocrx_word' id='word_1_759' title='bbox 1040 4238 1122 4293; x_wconf 89' lang='lat' dir='ltr'><strong>suisti</strong></span> <span class='ocrx_word' id='word_1_760' title='bbox 1138 4253 1215 4307; x_wconf 92' lang='lat' dir='ltr'><strong>eum,</strong></span> <span class='ocrx_word' id='word_1_761' title='bbox 1225 4244 1252 4295; x_wconf 89' lang='lat' dir='ltr'><strong>et</strong></span> <span class='ocrx_word' id='word_1_762' title='bbox 1263 4255 1316 4313; x_wconf 90' lang='lat' dir='ltr'><strong>ogo</strong></span> <span class='ocrx_word' id='word_1_763' title='bbox 1332 4255 1398 4297; x_wconf 91' lang='lat' dir='ltr'><strong>oum</strong></span> <span class='ocrx_word' id='word_1_764' title='bbox 1415 4238 1527 4296; x_wconf 88' lang='lat' dir='ltr'><strong>tollam.</strong></span> <span class='ocrx_word' id='word_1_765' title='bbox 1539 4238 1614 4296; x_wconf 89' lang='lat' dir='ltr'><strong>Dicit</strong></span> <span class='ocrx_word' id='word_1_766' title='bbox 1629 4246 1655 4295; x_wconf 92' lang='lat' dir='ltr'><strong>ot</strong></span> <span class='ocrx_word' id='word_1_767' title='bbox 1669 4240 1760 4297; x_wconf 79' lang='lat' dir='ltr'><strong>iosus</strong></span> <span class='ocrx_word' id='word_1_768' title='bbox 1772 4255 1779 4296; x_wconf 91' lang='lat'><strong>:</strong></span> <span class='ocrx_word' id='word_1_769' title='bbox 1793 4239 1896 4296; x_wconf 81' lang='lat' dir='ltr'><strong>ilaris.</strong></span> 
     </span>
     <span class='ocr_line' id='line_1_102' title="bbox 1039 4328 1897 4403; baseline 0.002 -18"><span class='ocrx_word' id='word_1_770' title='bbox 1039 4330 1184 4385; x_wconf 83' lang='lat' dir='ltr'><strong>Conversa</strong></span> <span class='ocrx_word' id='word_1_771' title='bbox 1198 4328 1249 4385; x_wconf 91' lang='lat' dir='ltr'><strong>illa</strong></span> <span class='ocrx_word' id='word_1_772' title='bbox 1263 4329 1336 4387; x_wconf 92' lang='lat' dir='ltr'><strong>dicit</strong></span> <span class='ocrx_word' id='word_1_773' title='bbox 1350 4329 1386 4397; x_wconf 90' lang='lat' dir='ltr'><strong>ei,</strong></span> <span class='ocrx_word' id='word_1_774' title='bbox 1403 4329 1554 4397; x_wconf 74' lang='lat' dir='ltr'><strong>Rabboni3</strong></span> <span class='ocrx_word' id='word_1_775' title='bbox 1570 4329 1648 4403; x_wconf 85' lang='lat' dir='ltr'><strong>quod</strong></span> <span class='ocrx_word' id='word_1_776' title='bbox 1669 4328 1779 4386; x_wconf 92' lang='lat' dir='ltr'><strong>dicitur</strong></span> <span class='ocrx_word' id='word_1_777' title='bbox 1801 4329 1897 4403; x_wconf 84' lang='lat' dir='ltr'><strong>Magi·</strong></span> 
     </span>
     <span class='ocr_line' id='line_1_103' title="bbox 1040 4418 1896 4492; baseline 0 -16"><span class='ocrx_word' id='word_1_778' title='bbox 1040 4426 1106 4476; x_wconf 88' lang='lat' dir='ltr'><strong>ster.</strong></span> <span class='ocrx_word' id='word_1_779' title='bbox 1124 4418 1244 4477; x_wconf 82' lang='lat' dir='ltr'><strong>»Nemo</strong></span> <span class='ocrx_word' id='word_1_780' title='bbox 1266 4419 1462 4477; x_wconf 87' lang='lat' dir='ltr'><strong>calumnietur</strong></span> <span class='ocrx_word' id='word_1_781' title='bbox 1479 4418 1593 4476; x_wconf 91' lang='lat' dir='ltr'><strong>mulieri</strong></span> <span class='ocrx_word' id='word_1_782' title='bbox 1609 4420 1686 4492; x_wconf 88' lang='lat' dir='ltr'><strong>quod</strong></span> <span class='ocrx_word' id='word_1_783' title='bbox 1704 4420 1896 4477; x_wconf 79' lang='lat' dir='ltr'><strong>hortulanum</strong></span> 
     </span>
     <span class='ocr_line' id='line_1_104' title="bbox 1039 4506 1894 4581; baseline 0 -17"><span class='ocrx_word' id='word_1_784' title='bbox 1039 4508 1143 4565; x_wconf 80' lang='lat' dir='ltr'><strong>dixerit</strong></span> <span class='ocrx_word' id='word_1_785' title='bbox 1157 4507 1322 4575; x_wconf 92' lang='lat' dir='ltr'><strong>dominum,</strong></span> <span class='ocrx_word' id='word_1_786' title='bbox 1334 4512 1363 4565; x_wconf 90' lang='lat' dir='ltr'><strong>et</strong></span> <span class='ocrx_word' id='word_1_787' title='bbox 1376 4507 1477 4565; x_wconf 83' lang='lat' dir='ltr'><strong>iesum</strong></span> <span class='ocrx_word' id='word_1_788' title='bbox 1494 4506 1679 4581; x_wconf 84' lang='lat' dir='ltr'><strong>Magistrum.</strong></span> <span class='ocrx_word' id='word_1_789' title='bbox 1692 4507 1735 4563; x_wconf 92' lang='lat' dir='ltr'><strong>lbi</strong></span> <span class='ocrx_word' id='word_1_790' title='bbox 1751 4509 1830 4564; x_wconf 93' lang='lat' dir='ltr'><strong>enim</strong></span> <span class='ocrx_word' id='word_1_791' title='bbox 1846 4524 1894 4564; x_wconf 93' lang='lat' dir='ltr'><strong>ro·</strong></span> 
     </span>
     <span class='ocr_line' id='line_1_105' title="bbox 1038 4597 1896 4672; baseline 0 -18"><span class='ocrx_word' id='word_1_792' title='bbox 1038 4599 1137 4671; x_wconf 89' lang='lat' dir='ltr'><strong>gabat,</strong></span> <span class='ocrx_word' id='word_1_793' title='bbox 1151 4597 1198 4654; x_wconf 90' lang='lat' dir='ltr'><strong>bic</strong></span> <span class='ocrx_word' id='word_1_794' title='bbox 1213 4597 1407 4671; x_wconf 86' lang='lat' dir='ltr'><strong>agnoscebat:</strong></span> <span class='ocrx_word' id='word_1_795' title='bbox 1419 4598 1459 4654; x_wconf 91' lang='lat' dir='ltr'><strong>ibi</strong></span> <span class='ocrx_word' id='word_1_796' title='bbox 1471 4598 1632 4656; x_wconf 87' lang='lat' dir='ltr'><strong>honorabat</strong></span> <span class='ocrx_word' id='word_1_797' title='bbox 1645 4598 1794 4655; x_wconf 88' lang='lat' dir='ltr'><strong>bominem</strong></span> <span class='ocrx_word' id='word_1_798' title='bbox 1806 4614 1824 4654; x_wconf 90' lang='lat' dir='ltr'><strong>a</strong></span> <span class='ocrx_word' id='word_1_799' title='bbox 1835 4614 1896 4672; x_wconf 86' lang='lat' dir='ltr'><strong>quo</strong></span> 
     </span>
     <span class='ocr_line' id='line_1_106' title="bbox 1038 4688 1896 4761; baseline 0.002 -17"><span class='ocrx_word' id='word_1_800' title='bbox 1038 4688 1203 4745; x_wconf 88' lang='lat' dir='ltr'><strong>benillclurn</strong></span> <span class='ocrx_word' id='word_1_801' title='bbox 1221 4688 1387 4761; x_wconf 89' lang='lat' dir='ltr'><strong>postulabat</strong></span> <span class='ocrx_word' id='word_1_802' title='bbox 1402 4688 1469 4758; x_wconf 72' lang='lat' dir='ltr'><strong>,bic</strong></span> <span class='ocrx_word' id='word_1_803' title='bbox 1480 4688 1625 4746; x_wconf 87' lang='lat' dir='ltr'><strong>recolebat</strong></span> <span class='ocrx_word' id='word_1_804' title='bbox 1640 4689 1788 4745; x_wconf 90' lang='lat' dir='ltr'><strong>doctorem</strong></span> <span class='ocrx_word' id='word_1_805' title='bbox 1805 4705 1896 4761; x_wconf 88' lang='lat' dir='ltr'><strong>aquo</strong></span> 
     </span>
     <span class='ocr_line' id='line_1_107' title="bbox 1038 4777 1895 4852; baseline -0.002 -16"><span class='ocrx_word' id='word_1_806' title='bbox 1038 4779 1199 4836; x_wconf 90' lang='lat' dir='ltr'><strong>discernere</strong></span> <span class='ocrx_word' id='word_1_807' title='bbox 1215 4778 1344 4835; x_wconf 87' lang='lat' dir='ltr'><strong>bumana</strong></span> <span class='ocrx_word' id='word_1_808' title='bbox 1354 4783 1382 4836; x_wconf 93' lang='lat' dir='ltr'><strong>ot</strong></span> <span class='ocrx_word' id='word_1_809' title='bbox 1396 4777 1495 4835; x_wconf 86' lang='lat' dir='ltr'><strong>divina</strong></span> <span class='ocrx_word' id='word_1_810' title='bbox 1510 4778 1634 4836; x_wconf 88' lang='lat' dir='ltr'><strong>dicebat.</strong></span> <span class='ocrx_word' id='word_1_811' title='bbox 1652 4777 1827 4852; x_wconf 82' lang='lat' dir='ltr'><strong>Appellabat</strong></span> <span class='ocrx_word' id='word_1_812' title='bbox 1841 4779 1895 4836; x_wconf 91' lang='lat' dir='ltr'><strong>do·</strong></span> 
     </span>
     <span class='ocr_line' id='line_1_108' title="bbox 1039 4869 1895 4944; baseline -0.002 -17"><span class='ocrx_word' id='word_1_813' title='bbox 1039 4870 1151 4927; x_wconf 92' lang='lat' dir='ltr'><strong>minum</strong></span> <span class='ocrx_word' id='word_1_814' title='bbox 1176 4871 1260 4940; x_wconf 76' lang='lat' dir='ltr'><strong>cuius</strong></span> <span class='ocrx_word' id='word_1_815' title='bbox 1285 4869 1392 4926; x_wconf 89' lang='lat' dir='ltr'><strong>aneilla</strong></span> <span class='ocrx_word' id='word_1_816' title='bbox 1416 4887 1473 4927; x_wconf 92' lang='lat' dir='ltr'><strong>non</strong></span> <span class='ocrx_word' id='word_1_817' title='bbox 1497 4879 1569 4933; x_wconf 90' lang='lat' dir='ltr'><strong>orat,</strong></span> <span class='ocrx_word' id='word_1_818' title='bbox 1587 4875 1618 4927; x_wconf 91' lang='lat' dir='ltr'><strong>ut</strong></span> <span class='ocrx_word' id='word_1_819' title='bbox 1641 4886 1775 4944; x_wconf 90' lang='lat' dir='ltr'><strong>pereum</strong></span> <span class='ocrx_word' id='word_1_820' title='bbox 1792 4886 1895 4943; x_wconf 85' lang='lat' dir='ltr'><strong>perro-</strong></span> 
     </span>
     <span class='ocr_line' id='line_1_109' title="bbox 1039 4961 1894 5029; baseline -0.005 -11"><span class='ocrx_word' id='word_1_821' title='bbox 1039 4961 1114 5019; x_wconf 90' lang='lat' dir='ltr'><strong>uiret</strong></span> <span class='ocrx_word' id='word_1_822' title='bbox 1128 4961 1162 5016; x_wconf 91' lang='lat' dir='ltr'><strong>ad</strong></span> <span class='ocrx_word' id='word_1_823' title='bbox 1180 4961 1335 5016; x_wconf 91' lang='lat' dir='ltr'><strong>Dominum</strong></span> <span class='ocrx_word' id='word_1_824' title='bbox 1361 4961 1445 5029; x_wconf 82' lang='lat' dir='ltr'><strong>ouius</strong></span> <span class='ocrx_word' id='word_1_825' title='bbox 1461 4966 1531 5016; x_wconf 91' lang='lat' dir='ltr'><strong>erat.</strong></span> <span class='ocrx_word' id='word_1_826' title='bbox 1544 4961 1636 5016; x_wconf 79' lang='lat' dir='ltr'><strong>Aliter</strong></span> <span class='ocrx_word' id='word_1_827' title='bbox 1651 4977 1718 5028; x_wconf 81' lang='lat' dir='ltr'><strong>ergo</strong></span> <span class='ocrx_word' id='word_1_828' title='bbox 1735 4962 1894 5017; x_wconf 90' lang='lat' dir='ltr'><strong>Dominum</strong></span> 
     </span>
     <span class='ocr_line' id='line_1_110' title="bbox 1039 5048 1893 5119; baseline 0 -12"><span class='ocrx_word' id='word_1_829' title='bbox 1039 5049 1120 5119; x_wconf 89' lang='lat' dir='ltr'><strong>dixit,</strong></span> <span class='ocrx_word' id='word_1_830' title='bbox 1145 5049 1321 5106; x_wconf 85' lang='lat' dir='ltr'><strong>Sustuleruut</strong></span> <span class='ocrx_word' id='word_1_831' title='bbox 1349 5048 1503 5107; x_wconf 76' lang='lat' dir='ltr'><strong>Dominmn</strong></span> <span class='ocrx_word' id='word_1_832' title='bbox 1530 5065 1641 5113; x_wconf 85' lang='lat' dir='ltr'><strong>meum:</strong></span> <span class='ocrx_word' id='word_1_833' title='bbox 1670 5048 1757 5107; x_wconf 87' lang='lat' dir='ltr'><strong>alitor</strong></span> <span class='ocrx_word' id='word_1_834' title='bbox 1785 5054 1893 5117; x_wconf 86' lang='lat' dir='ltr'><strong>autem,</strong></span> 
     </span>
     <span class='ocr_line' id='line_1_111' title="bbox 1039 5140 1894 5214; baseline -0.002 -15"><span class='ocrx_word' id='word_1_835' title='bbox 1039 5141 1162 5209; x_wconf 85' lang='lat' dir='ltr'><strong>Domine,</strong></span> <span class='ocrx_word' id='word_1_836' title='bbox 1179 5143 1203 5196; x_wconf 91' lang='lat' dir='ltr'><strong>si</strong></span> <span class='ocrx_word' id='word_1_837' title='bbox 1219 5151 1248 5198; x_wconf 88' lang='lat' dir='ltr'><strong>tu</strong></span> <span class='ocrx_word' id='word_1_838' title='bbox 1262 5143 1403 5199; x_wconf 81' lang='lat' dir='ltr'><strong>sustulisti</strong></span> <span class='ocrx_word' id='word_1_839' title='bbox 1424 5156 1497 5198; x_wconf 86' lang='lat' dir='ltr'><strong>eum.</strong></span> <span class='ocrx_word' id='word_1_840' title='bbox 1514 5141 1586 5198; x_wconf 84' lang='lat' dir='ltr'><strong>Nam</strong></span> <span class='ocrx_word' id='word_1_841' title='bbox 1611 5146 1641 5197; x_wconf 91' lang='lat' dir='ltr'><strong>ot</strong></span> <span class='ocrx_word' id='word_1_842' title='bbox 1665 5140 1818 5213; x_wconf 82' lang='lat' dir='ltr'><strong>Prophetas</strong></span> <span class='ocrx_word' id='word_1_843' title='bbox 1842 5158 1894 5214; x_wconf 84' lang='lat' dir='ltr'><strong>ap-</strong></span> 
     </span>
     <span class='ocr_line' id='line_1_112' title="bbox 1041 5228 1894 5305; baseline -0.001 -19"><span class='ocrx_word' id='word_1_844' title='bbox 1041 5230 1222 5305; x_wconf 87' lang='lat' dir='ltr'><strong>pellaverunt</strong></span> <span class='ocrx_word' id='word_1_845' title='bbox 1251 5229 1385 5286; x_wconf 89' lang='lat' dir='ltr'><strong>dominos</strong></span> <span class='ocrx_word' id='word_1_846' title='bbox 1412 5245 1464 5287; x_wconf 89' lang='lat' dir='ltr'><strong>eos</strong></span> <span class='ocrx_word' id='word_1_847' title='bbox 1491 5229 1542 5303; x_wconf 90' lang='lat' dir='ltr'><strong>qui</strong></span> <span class='ocrx_word' id='word_1_848' title='bbox 1571 5228 1706 5287; x_wconf 86' lang='lat' dir='ltr'><strong>hominos</strong></span> <span class='ocrx_word' id='word_1_849' title='bbox 1727 5234 1828 5296; x_wconf 74' lang='lat' dir='ltr'><strong>eraut:</strong></span> <span class='ocrx_word' id='word_1_850' title='bbox 1845 5230 1894 5285; x_wconf 88' lang='lat' dir='ltr'><strong>sed</strong></span> 
     </span>
     <span class='ocr_line' id='line_1_113' title="bbox 1040 5321 1897 5395; baseline -0.004 -14"><span class='ocrx_word' id='word_1_851' title='bbox 1040 5323 1124 5381; x_wconf 86' lang='lat' dir='ltr'><strong>alitor</strong></span> <span class='ocrx_word' id='word_1_852' title='bbox 1139 5322 1222 5379; x_wconf 90' lang='lat' dir='ltr'><strong>illum</strong></span> <span class='ocrx_word' id='word_1_853' title='bbox 1237 5324 1273 5378; x_wconf 91' lang='lat' dir='ltr'><strong>do</strong></span> <span class='ocrx_word' id='word_1_854' title='bbox 1288 5340 1346 5395; x_wconf 86' lang='lat' dir='ltr'><strong>quo</strong></span> <span class='ocrx_word' id='word_1_855' title='bbox 1359 5323 1500 5395; x_wconf 88' lang='lat' dir='ltr'><strong>scriptum</strong></span> <span class='ocrx_word' id='word_1_856' title='bbox 1522 5330 1576 5391; x_wconf 91' lang='lat' dir='ltr'><strong>est,</strong></span> <span class='ocrx_word' id='word_1_857' title='bbox 1601 5323 1731 5379; x_wconf 84' lang='lat' dir='ltr'><strong>Dominus</strong></span> <span class='ocrx_word' id='word_1_858' title='bbox 1754 5337 1855 5380; x_wconf 87' lang='lat' dir='ltr'><strong>nomm</strong></span> <span class='ocrx_word' id='word_1_859' title='bbox 1869 5321 1897 5378; x_wconf 87' lang='lat' dir='ltr'><strong>oi</strong></span> 
     </span>
     <span class='ocr_line' id='line_1_114' title="bbox 1040 5410 1896 5484; baseline 0 -17"><span class='ocrx_word' id='word_1_860' title='bbox 1040 5411 1125 5484; x_wconf 85' lang='lat' dir='ltr'><strong>(Psoi.</strong></span> <span class='ocrx_word' id='word_1_861' title='bbox 1142 5427 1226 5479; x_wconf 74' lang='lat' dir='ltr'><strong>usar,</strong></span> <span class='ocrx_word' id='word_1_862' title='bbox 1242 5410 1280 5482; x_wconf 87' lang='lat'><strong>5).</strong></span> <span class='ocrx_word' id='word_1_863' title='bbox 1297 5411 1353 5468; x_wconf 84' lang='lat' dir='ltr'><strong>Sed</strong></span> <span class='ocrx_word' id='word_1_864' title='bbox 1368 5410 1425 5469; x_wconf 89' lang='lat' dir='ltr'><strong>ista</strong></span> <span class='ocrx_word' id='word_1_865' title='bbox 1439 5410 1543 5469; x_wconf 89' lang='lat' dir='ltr'><strong>muller</strong></span> <span class='ocrx_word' id='word_1_866' title='bbox 1558 5427 1622 5482; x_wconf 75' lang='lat' dir='ltr'><strong>qum</strong></span> <span class='ocrx_word' id='word_1_867' title='bbox 1632 5413 1694 5481; x_wconf 78' lang='lat' dir='ltr'><strong>jaim</strong></span> <span class='ocrx_word' id='word_1_868' title='bbox 1716 5411 1812 5468; x_wconf 87' lang='lat' dir='ltr'><strong>luerat</strong></span> <span class='ocrx_word' id='word_1_869' title='bbox 1825 5426 1896 5467; x_wconf 90' lang='lat' dir='ltr'><strong>con·</strong></span> 
     </span>
     <span class='ocr_line' id='line_1_115' title="bbox 1040 5502 1897 5574; baseline -0.004 -14"><span class='ocrx_word' id='word_1_870' title='bbox 1040 5519 1123 5560; x_wconf 87' lang='lat' dir='ltr'><strong>saroa</strong></span> <span class='ocrx_word' id='word_1_871' title='bbox 1138 5506 1296 5559; x_wconf 88' lang='lat' dir='ltr'><strong>retrorsum</strong></span> <span class='ocrx_word' id='word_1_872' title='bbox 1314 5506 1347 5559; x_wconf 90' lang='lat' dir='ltr'><strong>ut</strong></span> <span class='ocrx_word' id='word_1_873' title='bbox 1359 5502 1470 5560; x_wconf 86' lang='lat' dir='ltr'><strong>videret</strong></span> <span class='ocrx_word' id='word_1_874' title='bbox 1480 5504 1593 5567; x_wconf 83' lang='lat' dir='ltr'><strong>lesum,</strong></span> <span class='ocrx_word' id='word_1_875' title='bbox 1605 5502 1722 5574; x_wconf 85' lang='lat' dir='ltr'><strong>quande</strong></span> <span class='ocrx_word' id='word_1_876' title='bbox 1734 5516 1800 5559; x_wconf 83' lang='lat' dir='ltr'><strong>eum</strong></span> <span class='ocrx_word' id='word_1_877' title='bbox 1812 5506 1897 5574; x_wconf 84' lang='lat' dir='ltr'><strong>puta·</strong></span> 
     </span>
     <span class='ocr_line' id='line_1_116' title="bbox 1039 5589 1895 5666; baseline -0.001 -19"><span class='ocrx_word' id='word_1_878' title='bbox 1039 5590 1080 5648; x_wconf 87' lang='lat' dir='ltr'><strong>sit</strong></span> <span class='ocrx_word' id='word_1_879' title='bbox 1094 5606 1159 5648; x_wconf 83' lang='lat' dir='ltr'><strong>esse</strong></span> <span class='ocrx_word' id='word_1_880' title='bbox 1175 5589 1377 5664; x_wconf 85' lang='lat' dir='ltr'><strong>hortulanum,</strong></span> <span class='ocrx_word' id='word_1_881' title='bbox 1392 5596 1420 5649; x_wconf 91' lang='lat' dir='ltr'><strong>ot</strong></span> <span class='ocrx_word' id='word_1_882' title='bbox 1435 5607 1502 5648; x_wconf 86' lang='lat' dir='ltr'><strong>curn</strong></span> <span class='ocrx_word' id='word_1_883' title='bbox 1518 5590 1568 5651; x_wconf 89' lang='lat' dir='ltr'><strong>illo</strong></span> <span class='ocrx_word' id='word_1_884' title='bbox 1583 5590 1685 5666; x_wconf 87' lang='lat' dir='ltr'><strong>ntique</strong></span> <span class='ocrx_word' id='word_1_885' title='bbox 1705 5589 1895 5665; x_wconf 83' lang='lat' dir='ltr'><strong>loquabatur,</strong></span> 
     </span>
    </p>
   </div>
   <div class='ocr_carea' id='block_1_9' title="bbox 1039 5680 1899 5760">
    <p class='ocr_par' dir='ltr' id='par_1_14' title="bbox 1039 5680 1899 5760">
     <span class='ocr_line' id='line_1_117' title="bbox 1039 5680 1899 5760; baseline -0.001 -18"><span class='ocrx_word' id='word_1_886' title='bbox 1039 5683 1187 5760; x_wconf 85' lang='lat' dir='ltr'><strong>quomodo</strong></span> <span class='ocrx_word' id='word_1_887' title='bbox 1202 5699 1308 5743; x_wconf 86' lang='lat' dir='ltr'><strong>rursus</strong></span> <span class='ocrx_word' id='word_1_888' title='bbox 1322 5700 1462 5746; x_wconf 79' lang='lat' dir='ltr'><strong>censores</strong></span> <span class='ocrx_word' id='word_1_889' title='bbox 1476 5684 1597 5757; x_wconf 84' lang='lat' dir='ltr'><strong>dicitnr,</strong></span> <span class='ocrx_word' id='word_1_890' title='bbox 1606 5691 1639 5744; x_wconf 85' lang='lat' dir='ltr'><strong>nt</strong></span> <span class='ocrx_word' id='word_1_891' title='bbox 1652 5682 1679 5743; x_wconf 89' lang='lat' dir='ltr'><strong>oi</strong></span> <span class='ocrx_word' id='word_1_892' title='bbox 1694 5680 1816 5755; x_wconf 80' lang='lat' dir='ltr'><strong>diceret,</strong></span> <span class='ocrx_word' id='word_1_893' title='bbox 1826 5681 1899 5741; x_wconf 85' lang='lat' dir='ltr'><strong>liob-</strong></span> 
     </span>
    </p>
   </div>
   <div class='ocr_carea' id='block_1_10' title="bbox 0 0 1980 6150">
    <p class='ocr_par' dir='ltr' id='par_1_15' title="bbox 0 0 1980 6150">
     <span class='ocr_line' id='line_1_118' title="bbox 0 0 1980 6150; baseline 0 4"><span class='ocrx_word' id='word_1_894' title='bbox 0 0 1980 6150; x_wconf 95' lang='lat' dir='ltr'><strong> </strong></span> 
     </span>
    </p>
   </div>
  </div>
 </body>
</html>
