3952 6150
112 174 183 233 tatu

114 300 155 360 ad
165 297 355 357 dilectionem
371 293 489 352 [lamini
504 293 566 361 Dei,
577 293 629 367 qui
640 300 782 355 venturus
791 298 833 354 eis
846 295 941 354 iuerat

114 373 281 447 promissus
295 368 334 425 ad
349 365 528 423 remittenda
542 372 678 438 peccata.

150 443 192 516 (a)
205 440 316 512 Pagaui
331 454 391 495 non
402 437 459 494 sub
478 436 631 494 elementis
645 439 785 506 serviunt,
800 440 851 497 sed
867 439 940 512 ipsis

114 509 491 572 elementis.Coluntenim
516 515 608 573 astra,
628 510 732 575 solem,
752 511 856 567 lunam
869 512 941 567 etsi·

115 586 201 652 dera3
212 584 276 639 haec
290 583 320 637 in
328 582 517 637 firmamento
528 596 534 632 :
547 579 939 638 ininterioribusaotemter·

114 672 190 722 ram,
207 670 318 728 aquam
333 653 379 708 :in
391 651 542 707 marivcro
555 653 941 722 Neptunumzininlerisau·

115 723 938 794 temPlutonem:apertecreaturammundanamcolunt,

115 797 264 873 praeterito
273 797 419 851 Creatore.
436 795 507 849 Nam
523 793 538 846 J
543 793 619 848 udaei
634 794 691 850 hoc
707 795 798 852 modo
814 795 871 852 sub
885 794 940 851 ele·

114 869 233 933 mentis,
250 870 308 923 lieo
324 871 424 921 tamen
439 864 618 929 serviebant,
630 865 680 937 qui
696 867 758 922 boec
774 868 841 937 ipsa
855 881 941 922 man-

114 941 185 998 data
199 939 332 996 dederat.
351 936 792 1002 Observanteuimneomenias,
802 937 939 1004 sabbata,

113 1026 257 1086 pecorum
273 1007 430 1064 sacrificia.
446 1006 532 1062 Initio
547 1009 659 1062 mensis
676 1010 795 1080 septimi
809 1010 882 1065 tuba
893 1025 940 1066 ca·

114 1098 195 1150 nere,
209 1079 438 1154 quintodecimo
453 1085 552 1134 autem
568 1077 616 1133 ilie
630 1081 742 1135 mensis
756 1081 940 1152 septimime-

114 1153 213 1211 duitas
231 1150 401 1225 palmarum
418 1154 446 1205 et
460 1165 562 1205 ramos
577 1149 648 1219 ligni
664 1152 785 1221 spissos,
802 1156 940 1207 etramos

115 1226 215 1282 salicis
225 1221 426 1289 circumferre,
442 1225 471 1276 et
485 1220 597 1275 incasis
612 1227 725 1293 septem
738 1222 844 1278 diebus
856 1221 940 1278 habi-

114 1302 186 1354 tare.
209 1296 275 1351 Haec
291 1308 362 1362 ergo
377 1292 580 1355 observantes,
605 1299 682 1348 recte
708 1293 765 1348 sub
786 1293 940 1349 elementis

113 1368 255 1425 dicuutur
270 1365 415 1421 servisse:
439 1363 503 1418 haec
517 1364 598 1418 enim
624 1378 659 1417 ex
681 1362 834 1420 elementis
860 1370 938 1420 sunt.

115 1436 272 1497 Christiani
282 1443 380 1491 autem
397 1449 459 1489 non
474 1432 702 1498 sabelementis,
720 1436 870 1508 sedsnpra
884 1435 940 1492 ale-

114 1515 215 1566 menta
230 1511 288 1564 Deo
301 1505 488 1569 servium,ad
500 1504 664 1560 Jerusalem
675 1505 821 1562 coelestem
834 1522 940 1578 prope·

114 1587 226 1644 rantes,
240 1580 269 1633 in
281 1577 384 1659 spiritu
396 1579 489 1632 Deum
502 1575 635 1638 adorant,
647 1592 709 1631 nou
728 1577 758 1632 in
773 1577 940 1635 visibilibus

115 1657 142 1708 et
157 1650 329 1713 mundanis,
344 1648 432 1703 sedin
447 1648 549 1702 airimo
564 1646 612 1702 [tei
626 1647 773 1703 culturam
786 1647 938 1711 babentes,

115 1720 255 1779 invisibili
267 1717 630 1782 invisibiliterservicutes,
641 1719 940 1776 sicutdicitilominus

114 1794 144 1851 in
159 1790 325 1861 Evangelio,
341 1789 429 1845 Veniet
444 1789 520 1854 bora,
535 1789 565 1843 ia
577 1806 630 1860 qua
640 1789 698 1844 aeri
711 1791 868 1846 adoratores
878 1791 940 1847 ado-

114 1864 214 1920 rabant
225 1863 336 1917 Patrem
351 1860 381 1916 ia
395 1860 646 1931 spirituetaeritata
659 1861 749 1933 (loun.
764 1864 940 1933 rv,23).iiaeo

114 1951 185 2006 ergo
201 1933 311 1990 veritas
329 1938 383 2000 est,
399 1932 502 2003 spiritu
519 1933 578 1987 Deo
589 1933 708 1998 servire,
725 1934 827 1989 animo
843 1936 940 2004 magis

114 2022 208 2088 quam
224 2019 367 2076 corpore:
384 2011 415 2057 ut
429 2004 500 2074 quia
514 2005 590 2058 Deus
601 2003 722 2074 spiritus
738 2010 791 2070 εει,
805 2006 940 2076 spiritua·

114 2078 179 2135 liter
193 2076 355 2133 excolatur.
365 2076 403 2130 Ex
415 2072 472 2128 hac
486 2080 568 2145 parte
582 2074 702 2131 taneos
714 2075 771 2130 sub
786 2075 940 2132 elementis

115 2148 266 2219 subjectos
276 2146 346 2202 dicit
358 2145 460 2209 tuisse,
472 2161 533 2216 qua
544 2159 636 2216 supra
648 2146 825 2201 memoravi:
841 2147 940 2203 exalia

115 2225 216 2278 autem
229 2223 322 2290 parte.
331 2216 416 2285 Legis
424 2215 609 2287 spiritualem
620 2217 940 2290 inisserationem,qua

114 2297 143 2348 et
159 2305 282 2363 peccare
295 2287 494 2360 prohibuit,ct
508 2286 694 2356 diligendum
710 2303 746 2345 ex
761 2289 940 2346 omnioorde

116 2364 275 2420 [lominum
301 2357 467 2422 mandavit,
492 2364 521 2414 ct
536 2375 621 2430 spem
633 2358 745 2414 habere
759 2361 790 2416 in
814 2360 939 2417 Christo.

114 2433 172 2490 Sed
188 2429 335 2505 apostolis
357 2429 588 2501 praedicantibus
611 2430 675 2486 haec
691 2432 787 2500 magis
802 2431 940 2487 deiende·

115 2504 190 2561 bant
207 2519 274 2576 quae
289 2500 447 2557 carnaliter
470 2501 540 2556 data
560 2499 757 2558 fuerautilaec
780 2502 940 2574 Apostolus

116 2580 264 2632 memorat
276 2577 308 2628 ut
323 2571 460 2628 obfuscet
474 2571 604 2637 ludaeos,
619 2574 670 2644 qni
685 2573 882 2629 obtrectantes
891 2573 940 2628 Le·

116 2647 162 2718 gis
176 2643 347 2719 spiritualis,
366 2642 533 2698 visibilibus
547 2648 632 2699 eraut
643 2643 782 2714 subjecti:
799 2651 827 2699 et
839 2647 940 2700 utboec

115 2733 196 2782 vere,
219 2717 258 2773 ad
268 2713 607 2786 comparationemlcgis
618 2714 827 2780 tidei,intirma
837 2722 941 2771 osten-

115 2789 208 2853 deret,
225 2787 317 2844 etiam
331 2785 506 2856 interposita
523 2800 652 2857 persona
664 2786 721 2841 hoc
737 2787 869 2852 denotat,
889 2786 940 2869 qui

117 2862 332 2931 utiquceorum
347 2856 476 2912 aemulus
490 2855 586 2912 itterat
601 2857 800 2913 vehementer.
818 2858 940 2930 Cognito

117 2937 218 2989 autem
232 2928 356 2994 Christo,
367 2928 430 2983 brec
439 2928 586 2983 contemni
599 2929 767 2997 aestimavit,
780 2929 853 3000 quia
867 2929 941 2984 mul·

117 3009 179 3060 tum
187 3001 284 3057 differt
296 2999 449 3056 GratiaDci
457 2998 771 3070 perChristumaLege
782 3000 939 3056 factorum.

152 3072 292 3129 cxxxiii.
305 3101 337 3112 -
353 3070 382 3126 Si
396 3086 448 3142 pcr
462 3070 610 3126 Christum
625 3070 755 3136 salus,et
768 3077 942 3144 veraetper·

116 3145 191 3201 iecta
202 3143 331 3214 cognitio
345 3158 352 3208 ;
365 3158 417 3197 cur
427 3157 487 3197 non
498 3147 567 3197 ante
583 3141 672 3208 venit,
690 3150 720 3198 ut
735 3148 763 3198 et
781 3144 942 3199 anteriores

117 3215 210 3273 nostri
225 3214 276 3287 qui
290 3214 320 3269 in
333 3213 503 3284 ignorantia
518 3212 646 3279 fuerunt,
663 3213 851 3270 addiscerent
870 3214 942 3269 veri·

117 3293 205 3345 tatem
220 3285 234 3341 ‘i
250 3286 382 3357 [lenique
398 3289 464 3356 post
479 3283 643 3340 adventum
669 3285 773 3340 Christi
790 3283 874 3340 multi
886 3284 942 3341 sal·

117 3357 464 3427 vatisunt‚magisquam
474 3355 794 3426 prius.Undaetsianle
804 3357 941 3420 venisset,

117 3431 212 3486 multo
228 3430 328 3501 plures
343 3426 448 3483 salvati
474 3427 611 3483 inissent.
629 3427 658 3484 Si
671 3442 742 3498 ergo
757 3428 798 3483 ita
821 3434 873 3493 est,
898 3444 942 3484 re·

117 3500 317 3575 prehensibile
331 3499 457 3554 videtur.

153 3573 229 3630 Nulli
258 3569 492 3628 misericordiam
522 3567 639 3624 iacienti
667 3568 851 3624 calumniam
877 3568 941 3625 fieri

117 3650 245 3717 oportet.
261 3648 292 3699 in
314 3647 460 3714 potestate
474 3639 553 3696 enim
569 3640 667 3695 dantis
684 3646 739 3706 est,
755 3640 879 3713 quaudo
896 3640 941 3696 vel

118 3721 265 3788 quantum
296 3713 367 3769 velit
397 3711 539 3769 misereri.
562 3711 771 3767 Exhortandus
794 3717 838 3769 est
862 3712 942 3768 enim

118 3784 294 3857 hujusmodi
308 3789 337 3840 ει
357 3784 494 3854 precibus
509 3783 731 3854 provocandus,
744 3799 804 3840 non
819 3789 943 3840 conten·

35 3908 40 3917 .
119 3857 198 3912 tione
213 3872 231 3912 a
244 3855 323 3911 bono
338 3871 428 3925 opere
441 3855 638 3910 revocandus.
653 3854 738 3910 Forte
752 3871 811 3910 non
828 3860 943 3912 contra·

119 3927 275 3993 diceretur,
292 3927 317 3981 si
333 3941 385 3996 pro
404 3926 461 3981 bac
479 3926 681 3981 misericordia
699 3925 772 3980 vicis
786 3926 827 3981 illi
842 3925 944 3998 aliqua

119 3998 302 4055 redderetur.
320 4004 363 4051 An
380 3998 448 4068 quis
466 3998 614 4052 medicum
627 4001 733 4066 arguet
747 3998 797 4068 qrri
814 3996 943 4052 medica-

119 4074 222 4126 menta
237 4084 292 4124 sua
307 4074 334 4124 et
349 4068 480 4123 osticium
495 4084 584 4123 suum
598 4068 689 4136 gratis
704 4068 856 4138 impendet
866 4066 881 4123 l
893 4073 945 4124 ant

120 4140 312 4199 accusabitur
328 4139 450 4196 tarditas
465 4139 530 4209 eius
542 4140 579 4194 ab
593 4139 644 4202 eis,
658 4155 676 4194 a
690 4138 800 4210 qiiibus
816 4155 876 4195 non
902 4144 944 4195 est

119 4213 279 4285 requisitus
292 4211 382 4266 ittae
394 4211 513 4281 quidem
530 4210 659 4265 diximus
674 4210 842 4267 secundum
857 4211 945 4266 ratio

119 4300 202 4349 nem,
218 4284 270 4339 sed
284 4281 641 4347 Salvatorisbonitasista
657 4296 717 4336 non
730 4289 814 4338 curat
824 4286 946 4363 propter

123 4354 352 4411 imbecillitatem
364 4353 531 4408 humanam
543 4371 549 4410 :
563 4367 649 4407 snam
659 4353 738 4408 enim
749 4358 884 4424 sequitur
894 4368 945 4409 na·

122 4432 222 4483 turam
243 4425 280 4481 nd
300 4423 468 4480 faciendam
486 4422 732 4479 misericordiam.
749 4423 860 4481 idcirco
874 4430 945 4480 tuuc

122 4499 202 4554 venit
213 4496 337 4568 quando
355 4495 458 4551 debuit
472 4495 581 4561 venire,
602 4494 761 4551 voluntatis
778 4512 839 4550 suae
854 4497 945 4551 ratio·

122 4585 191 4626 nem
208 4574 335 4636 secutus,
352 4582 412 4621 non
433 4568 606 4622 meritorum
622 4573 806 4622 nostrorum.
827 4570 901 4623 Nam
921 4568 945 4622 si

123 4641 230 4696 merita
244 4637 423 4710 perpendas,
443 4638 541 4694 venire
562 4653 623 4693 non
638 4637 751 4694 debuit.
772 4637 856 4693 Venit
877 4653 945 4708 ergo

123 4709 245 4783 quando
261 4713 290 4764 et
302 4708 452 4765 subveniri
463 4709 572 4764 debera
588 4709 681 4774 scivit,
696 4712 723 4764 et
735 4717 853 4779 gratum
867 4709 945 4766 futu-

122 4797 190 4838 rum
202 4779 392 4835 beneficium.
410 4781 438 4836 Si
453 4785 553 4837 antem
568 4778 594 4836 ei
610 4781 656 4834 cui
672 4780 834 4836 necessitas
849 4781 944 4836 immi·

123 4857 173 4908 net
198 4855 265 4907 ante
288 4852 491 4916 subveniatur,
508 4852 562 4906 crit
582 4850 704 4932 quidem
724 4856 842 4919 gratum
860 4869 868 4916 ;
883 4867 945 4907 non

123 4930 224 4981 tamen
238 4920 325 4978 valde
337 4924 445 4993 poterit
458 4922 533 4977 scire
547 4921 620 4994 quid
634 4921 690 4976 sibi
701 4924 864 4992 prestitam
880 4929 943 4980 est:

122 4997 145 5052 si
158 5000 260 5051 autem
276 4994 305 5049 iu
317 4994 382 5065 ipsa
397 4994 571 5048 necessitate
587 4993 684 5064 posito
700 4992 841 5048 auxilinm
857 4991 943 5061 ieras,

122 5067 194 5123 sciet
208 5066 297 5139 quale
316 5063 494 5119 beneficium
516 5068 693 5118 consecutus
707 5065 752 5119 sit.
769 5066 808 5118 lle
822 5065 944 5121 tribula·

122 5140 203 5195 tione
222 5137 301 5192 enim
317 5140 446 5206 ereptus,
460 5135 588 5207 majores
605 5135 716 5203 gratias
732 5135 835 5192 referet
850 5153 857 5192 ε
871 5152 945 5209 qno-

122 5210 214 5267 modo
231 5208 255 5263 si
271 5207 409 5262 esurienti
421 5204 529 5261 offeras
540 5220 651 5278 panem
664 5224 671 5274 3
683 5206 707 5261 si
720 5211 820 5263 antem
836 5206 945 5264 offeras

123 5297 191 5338 oum
208 5295 269 5336 non
282 5279 382 5347 esurit,
394 5292 454 5334 non
467 5279 567 5349 ntique
581 5282 640 5333 tam
655 5282 771 5347 gratum
782 5279 846 5334 erit.
860 5279 946 5335 idcir-

122 5368 158 5408 co
175 5358 251 5408 recte
266 5351 377 5408 iactum
393 5354 445 5413 est,
464 5355 494 5404 ut
508 5365 568 5404 non
584 5354 652 5405 ante
667 5350 779 5405 veniret
796 5349 944 5406 Dominus.

122 5421 254 5478 Primum
271 5423 350 5478 enim
366 5420 479 5478 dimisit
501 5436 597 5504 genus
613 5420 773 5477 hominum
789 5421 828 5476 uti
841 5421 947 5477 volun·

124 5496 182 5548 tate
206 5493 431 5558 mancusios
456 5492 626 5549 testimonio
651 5494 707 5558 sui,
733 5491 805 5564 quia
820 5506 856 5547 ex
880 5494 946 5564 ipsa

123 5563 228 5618 mundi
244 5563 357 5619 tabrioa
369 5579 533 5636 perannua
547 5579 684 5629 munera,
700 5580 768 5636 quse
787 5562 947 5620 elemento·

155 5648 191 5710 (a)
206 5649 321 5708 Questio
336 5652 429 5702 eadem
439 5652 544 5707 exiles.
561 5653 671 5704 secundi
681 5653 796 5717 generis,
805 5653 875 5705 inter
886 5657 948 5719 post

122 5709 247 5781 vulgatas
259 5724 291 5761 ex
304 5713 378 5764 tiovo
394 5715 468 5766 Τεει.
487 5715 711 5781 quinquagesima
723 5728 808 5770 nona.

617 166 849 238 QuAEsttottas
870 162 914 229 EX
934 160 1031 229 NOVO
1049 160 1299 226 restitutura.

995 310 1063 351 rum
1077 293 1241 351 ministerio
1255 290 1398 350 humanis
1410 290 1517 348 usibus
1529 287 1672 348 exbiberi
1686 287 1824 358 decrevit,

996 366 1120 437 intelligi
1130 373 1158 423 et
1172 364 1290 422 timfferi
1300 363 1486 421 divinitatem
1494 377 1583 419 suam
1597 360 1704 417 voluit.
1713 360 1827 434 Quippe

995 453 1064 495 cum
1076 439 1166 495 etiam
1174 452 1211 493 ex
1220 436 1343 493 traduce
1352 434 1441 508 primi
1451 433 1593 499 hominis,
1604 432 1720 489 deinde
1731 434 1827 491 Enoch

995 515 1021 565 et
1032 511 1089 565 Noe
1102 508 1206 565 notitia
1218 508 1283 579 ejus
1293 512 1371 563 esset
1384 506 1519 562 interris.
1533 504 1592 560 Sed
1604 504 1827 575 cumlanguors

995 580 1129 653 quodam
1144 580 1272 636 humani
1285 577 1402 649 generis
1417 576 1605 633 obsolescere
1621 576 1767 648 coepisset
1779 591 1825 631 co·

996 652 1089 722 gnitio
1105 651 1156 706 Dei
1171 652 1246 708 inter
1264 650 1412 716 homines,
1428 654 1455 704 et
1468 663 1567 704 mores
1580 647 1825 715 immutarentur,

995 724 1102 792 eligere
1115 723 1257 793 dignatus
1276 726 1319 777 ost
1331 719 1496 790 Abraham,
1511 718 1542 774 in
1557 733 1620 791 quo
1634 718 1736 775 torma
1750 727 1826 775 esset

995 799 1145 850 renovatae
1161 793 1271 849 notitiis
1286 793 1334 849 itai
1350 797 1378 847 et
1390 806 1519 847 morum.
1534 791 1568 845 Et
1582 804 1655 845 cum
1666 788 1771 845 adhuc
1784 805 1824 846 re·

996 866 1127 921 verentia
1144 865 1264 936 segnior
1281 867 1368 929 esset,
1388 867 1492 935 postea
1508 877 1561 934 per
1575 863 1701 932 Moysen
1721 862 1824 931 Legem

995 935 1096 991 littaris
1118 936 1208 1002 dedit,
1233 951 1301 1008 quae
1317 949 1414 1007 neque
1438 932 1652 996 obsolesceret,
1675 937 1706 987 et
1731 935 1824 1002 magia

996 1016 1109 1063 metum
1132 1009 1285 1063 incuteret.
1304 1005 1397 1063 bta’or
1415 1005 1495 1060 cuim
1511 1004 1601 1059 timor
1615 1010 1673 1071 est,
1691 1002 1743 1058 ubi
1760 1018 1824 1059 auc

994 1080 1098 1135 toritas
1111 1077 1268 1136 manifesta
1277 1082 1331 1133 est.
1344 1022 1376 1132 ἐι
1385 1076 1623 1158 quiaacceptam
1634 1076 1823 1157 Legem-gen

995 1154 1039 1206 tes
1052 1154 1237 1222 spreverunt,
1254 1163 1314 1204 non
1328 1164 1358 1203 se
1369 1147 1561 1217 subnotantes
1577 1161 1617 1216 er,
1631 1161 1733 1216 neque
1745 1161 1765 1201 ιι
1776 1161 1821 1219 qur

995 1226 1176 1293 acceperunt
1189 1224 1385 1277 servaverunt
1396 1233 1465 1274 eam
1478 1233 1486 1283 ;
1499 1220 1599 1274 motus
1614 1217 1766 1273 Dominus
1776 1219 1822 1273 mi·

996 1292 1167 1358 sericordia,
1186 1292 1264 1347 misit
1280 1290 1382 1347 tilium
1402 1305 1503 1352 suum,
1517 1289 1616 1360 quise
1631 1303 1690 1370 pro
1710 1287 1769 1344 iliis
1783 1290 1822 1344 ol·

995 1364 1101 1434 tereus,
1131 1369 1256 1419 mortem
1276 1361 1444 1426 destruens,
1464 1360 1535 1416 data
1553 1359 1702 1415 omnibus
1722 1360 1822 1415 remis

994 1429 1822 1577 tittt3⁰ttttltsittittlti¹ttinitiatis

995 1584 1133 1633 mortem.
1154 1580 1211 1633 Nec
1231 1576 1305 1632 ordo
1321 1573 1400 1631 enim
1417 1589 1471 1629 nec
1488 1574 1563 1629 ratio
1579 1573 1739 1644 poscebat,
1755 1589 1821 1629 eum

1018 1648 1046 1704 ui
1068 1653 1203 1705 mortuus
1221 1663 1283 1704 nou
1308 1646 1422 1715 luisset,
1442 1646 1551 1700 intrare
1567 1644 1684 1716 ianuas
1711 1646 1822 1701 tartari.

994 1664 1098 1776 ganne
1112 1722 1136 1774 si
1151 1720 1220 1791 qais
1230 1718 1330 1773 vultin
1343 1723 1422 1773 tarra
1437 1731 1493 1771 sua
1505 1715 1656 1772 barbaros
1671 1715 1821 1788 decipere,

994 1790 1135 1847 immutat
1148 1807 1179 1846 se
1195 1792 1224 1846 in
1243 1789 1348 1845 habitu
1362 1788 1492 1851 illorum,
1506 1792 1536 1843 ut
1551 1792 1675 1859 putetur
1696 1802 1775 1842 uuus
1789 1803 1822 1843 ex

994 1862 1053 1929 his,
1073 1868 1101 1917 ει
1116 1863 1158 1917 sic
1172 1861 1308 1935 explorat
1321 1858 1476 1934 quomodo
1495 1858 1560 1914 ilios
1579 1858 1769 1917 subvertat?
1784 1860 1823 1914 ita

995 1933 1105 1990 iactum
1131 1940 1174 1990 est
1200 1933 1280 1988 etde
1302 1930 1422 1987 diabolo
1440 1929 1607 2003 :quoniam
1634 1928 1719 1984 malo
1743 1946 1822 1986 more

993 2004 1149 2061 hominem
1161 2004 1356 2068 subverterat,
1369 2006 1402 2057 ut
1413 2000 1444 2057 in
1457 2004 1552 2057 morte
1564 2015 1628 2056 nou
1643 2008 1820 2066 remaneret,

994 2077 1146 2131 inventum
1176 2082 1220 2131 est
1250 2075 1429 2141 remedium,
1456 2070 1613 2145 quomodo
1636 2088 1719 2144 quos
1749 2073 1821 2129 male

995 2148 1114 2203 tenebat
1137 2148 1294 2210 amitteret,
1315 2151 1343 2202 et
1367 2144 1592 2227 subentraretur
1616 2144 1662 2199 ci:
1688 2149 1719 2200 et
1734 2160 1820 2226 quem

993 2220 1180 2362 lilibi‘pii
1196 2213 1822 2369 tilii,habitabitis,:stitit

994 2368 1041 2417 tus
1054 2376 1160 2417 omnes
1172 2376 1249 2433 quos
1257 2359 1377 2415 tenebat
1389 2362 1499 2423 amisit,
1511 2357 1585 2414 etde
1596 2364 1711 2414 cataro
1722 2364 1820 2429 aperta

993 2438 1038 2488 est
1052 2432 1090 2488 ad
1103 2432 1211 2488 eoelum
1227 2431 1283 2486 via.
1299 2433 1371 2486 Ecce
1385 2435 1533 2500 quairtum
1567 2427 1661 2484 rotnit
1673 2431 1818 2486 adventus

992 2503 1165 2569 Salvatoris,
1187 2506 1219 2557 ut
1241 2504 1367 2558 scientes
1386 2500 1522 2557 homines
1540 2443 1578 2581 <fe
1593 2515 1657 2572 quo
1692 2500 1817 2572 periculo

994 2572 1110 2630 liberati
1126 2580 1205 2640 sunt,
1221 2574 1284 2628 sino
1305 2572 1469 2628 cessatione
1489 2577 1600 2640 gratias
1618 2569 1660 2626 illi
1682 2571 1816 2628 relevant.

992 2646 1050 2702 Sed
1067 2645 1140 2703 torte
1155 2660 1171 2700 e
1186 2651 1290 2700 contra
1306 2644 1445 2700 dicatur:
1466 2643 1495 2698 Si
1515 2640 1603 2698 multi
1621 2646 1696 2699 ante
1717 2642 1817 2715 Legem

993 2723 1020 2772 ct
1037 2723 1102 2790 post
1117 2719 1226 2786 Legem
1242 2715 1372 2786 peccatis
1385 2714 1485 2797 pressi
1498 2718 1574 2770 totos
1590 2728 1622 2768 se
1636 2714 1725 2770 carni
1738 2715 1818 2771 dede·

993 2795 1071 2852 runt,
1093 2794 1121 2844 et
1143 2788 1226 2858 digni
1246 2788 1365 2843 fuerunt
1384 2801 1414 2841 m
1436 2790 1545 2842 tartaro
1568 2799 1744 2852 remanere,
1764 2786 1817 2842 sina

993 2859 1088 2916 dubio
1104 2859 1222 2915 inerant
1241 2858 1294 2931 qni
1307 2857 1466 2913 devotione
1482 2861 1510 2912 et
1525 2856 1678 2912 creatoris
1691 2872 1818 2914 reveren·

996 2931 1035 2987 tia
1054 2934 1143 2987 vitam
1162 2946 1249 2986 snam
1265 2934 1379 2985 naturas
1394 2927 1458 2998 lege
1476 2925 1656 2983 frenarunt:
1675 2943 1752 2985 num
1776 2927 1818 2985 uid

994 3017 1057 3059 non
1068 3003 1156 3058 etiam
1172 3001 1202 3057 bi
1216 3001 1326 3057 detenti
1339 3006 1408 3055 suut
1422 2998 1504 3071 apud
1516 2997 1639 3065 interos,
1652 3000 1736 3056 exuti
1750 3002 1758 3036 ¹
1789 3016 1817 3055 ec

994 3075 1053 3130 vita
1068 3073 1082 3129 t
1099 3074 1126 3131 Si
1144 3081 1245 3129 autem
1263 3076 1333 3128 ante
1353 3071 1485 3128 venisset
1501 3074 1571 3141 post
1588 3077 1723 3128 mortem
1745 3072 1817 3135 Ade,

995 3145 1120 3202 liberato
1140 3145 1236 3202 Adam
1256 3144 1307 3216 qui
1333 3142 1414 3214 prior
1435 3146 1625 3214 peccaverat,
1647 3142 1766 3199 steteris
1786 3141 1817 3199 ad

995 3217 1105 3273 coelnm
1121 3220 1249 3288 aperiret
1262 3215 1354 3281 viam,
1367 3214 1463 3286 utqui
1476 3213 1551 3268 bene
1563 3213 1716 3280 vixerant,
1726 3214 1817 3285 agnito

995 3289 1131 3345 Creatore
1141 3285 1271 3344 defuncti
1283 3283 1520 3357 reciperenturin
1532 3284 1657 3340 coelum.
1675 3285 1817 3342 Damnum

995 3374 1067 3429 ergo
1082 3364 1135 3424 est,
1152 3360 1223 3485 apris
1241 3372 1300 3412 nou
1317 3364 1385 3413 ante
1400 3356 1478 3412 venit
1493 3354 1660 3412 Christus?
1677 3359 1818 3414 Damnum

996 3445 1064 3487 esse
1079 3432 1160 3487 mani
1174 3435 1271 3486 esium
1284 3434 1339 3494 εει,
1354 3427 1405 3484 sed
1423 3442 1522 3499 quaere
1534 3426 1659 3498 juxtam
1677 3443 1719 3485 au
1739 3427 1818 3484 in'us

996 3506 1059 3558 tum
1077 3501 1124 3557 sit.
1139 3500 1241 3558 Solent
1253 3501 1332 3556 onim
1349 3499 1462 3555 damna
1472 3501 1557 3569 justa
1571 3500 1703 3567 esse,de
1717 3446 1817 3572 qmbnr

993 3572 1078 3646 queri
1090 3588 1149 3628 non
1165 3573 1260 3629 liceat.
1273 3572 1424 3644 Numquid
1438 3568 1485 3625 lur
1496 3569 1713 3640 deprehensus
1725 3570 1818 3642 etjux·

994 3648 1025 3701 ta
1039 3643 1136 3711 legem
1152 3644 1181 3699 in
1197 3644 1315 3717 quadra
1339 3642 1402 3697 lum
1422 3640 1657 3707 condemnatus,
1675 3657 1771 3698 ausus
1783 3644 1817 3697 est

995 3716 1079 3788 queri
1092 3714 1106 3770 i
1118 3718 1159 3770 ilc
1175 3731 1228 3787 per
1239 3716 1296 3770 boc
1331 3728 1456 3769 omnum
1465 3712 1546 3783 quod
1556 3726 1656 3782 genus
1668 3712 1817 3770 hominum

995 3803 1121 3858 passum
1136 3792 1190 3848 est,
1210 3785 1288 3858 justo
1302 3784 1412 3841 iactatu
1429 3791 1484 3848 est,
1499 3782 1579 3839 unde
1596 3789 1626 3840 et
1645 3785 1816 3857 permissum

995 3864 1050 3915 est.
1072 3858 1166 3925 Quare
1179 3863 1206 3912 et
1222 3857 1353 3914 Salvator
1365 3857 1440 3911 inter
1458 3856 1524 3925 ipsa
1537 3855 1715 3927 primordia
1729 3855 1817 3912 venire

995 3945 1056 3986 non
1076 3929 1265 3984 debuit.Cum
1286 3926 1366 3983 enim
1382 3926 1521 3982 diabolus
1536 3926 1722 3997 superbiret,
1738 3928 1817 3985 bomo

996 4001 1122 4058 factasa
1140 4003 1197 4056 lieo
1221 4000 1334 4071 positus
1354 4004 1397 4055 est
1418 3997 1459 4054 illi
1482 3996 1637 4064 inimicus,
1661 4003 1697 4056 ut
1719 3996 1817 4054 auxilia

997 4071 1047 4128 Dei
1061 4071 1206 4136 munitus,
1242 4071 1291 4126 uia
1304 4070 1403 4142 impar
1415 4072 1487 4134 erat,
1499 4068 1651 4125 resisteret
1662 4071 1690 4126 ci
1706 4072 1817 4141 accepta

998 4143 1152 4200 mandato.
1174 4141 1226 4198 Dia
1249 4141 1315 4198 olus
1334 4146 1435 4198 autem
1454 4138 1540 4195 solita
1556 4140 1725 4198 subtilitate
1741 4142 1818 4196 simn-

997 4215 1068 4270 lavit
1088 4230 1118 4269 sa
1141 4215 1278 4284 ignorare
1293 4213 1365 4284 quid
1386 4218 1566 4284 preceptum
1587 4217 1671 4268 esset
1684 4228 1704 4269 a
1717 4213 1784 4277 Deo,
1796 4214 1817 4265 et

997 4287 1207 4342 invenitEvam
1220 4282 1387 4341 instabilem
1400 4299 1406 4337 :
1419 4288 1522 4355 postea
1533 4287 1637 4339 autem
1650 4284 1817 4356 promittens

997 4356 1048 4422 illi,
1074 4356 1202 4439 quodsi
1226 4357 1415 4411 interdictum
1441 4354 1649 4423 contigissent,
1678 4357 1818 4428 praestaret

997 4428 1053 4484 iilis
1067 4428 1252 4483 divinitatem
1271 4443 1278 4494 3
1298 4426 1490 4483 circumvenit
1505 4440 1567 4481 eos.
1585 4424 1673 4481 Tunc
1691 4424 1817 4483 diabolus

997 4502 1138 4570 superato
1158 4499 1279 4554 bomine
1301 4496 1491 4566 triumphavit
1508 4513 1516 4551 :
1536 4496 1586 4552 hic
1613 4497 1715 4553 victus
1736 4508 1817 4567 genas

997 4587 1086 4627 suum
1102 4569 1224 4640 subjecit
1238 4574 1370 4642 peccato.
1385 4567 1587 4634 Quamobrem
1605 4568 1755 4640 injustum
1768 4568 1817 4623 erat

997 4641 1099 4697 victori
1119 4641 1261 4698 violenter
1283 4640 1399 4697 auterre
1419 4638 1525 4713 spolia,
1544 4637 1621 4710 quia
1645 4642 1726 4696 bens
1748 4633 1817 4712 quod

998 4712 1067 4769 iacit
1081 4713 1159 4784 juste
1179 4712 1257 4768 iacit.
1279 4712 1425 4768 Praeterea
1445 4726 1514 4767 cum
1530 4709 1640 4766 acerbe
1663 4706 1816 4784 peccaverit

997 4784 1089 4841 bomo
1108 4783 1273 4840 assentiens
1294 4783 1331 4847 ei,
1347 4786 1451 4839 contra
1470 4780 1650 4838 mandatum
1673 4779 1815 4841 Crantoris.

997 4854 1058 4911 lieri
1074 4871 1106 4910 se
1124 4855 1216 4911 Deum
1233 4853 1452 4919 :idololatriam
1476 4852 1609 4919 admisit,
1624 4868 1680 4924 per
1701 4850 1815 4926 quodir

998 4929 1092 4983 Deum
1115 4927 1248 5010 peccavit
1271 4941 1278 4978 ε
1304 4925 1432 4997 ideoque
1456 4939 1515 4980 non
1539 4921 1579 4978 illi
1597 4923 1704 4981 statim
1729 4920 1816 4981 debuit

997 4997 1149 5054 subveniri
1166 5014 1173 5064 3
1189 4998 1301 5070 quippe
1316 5012 1386 5053 cum
1400 5011 1455 5052 nec
1470 4994 1654 5067 paenituerit.
1667 5011 1727 5052 nec
1747 4997 1816 5066 groti

997 5071 1023 5125 ei
1039 5068 1143 5125 luisset
1159 5067 1374 5134 misericordia,
1388 5068 1411 5123 si
1424 5082 1484 5123 non
1497 5066 1584 5122 scivis
1603 5071 1633 5122 et
1647 5068 1724 5138 quid
1738 5076 1817 5123 mere

997 5146 1085 5197 retur.
1107 5139 1286 5212 Quanquam
1308 5139 1387 5195 enim
1407 5137 1511 5194 omnia
1525 5138 1622 5210 possit
1648 5139 1739 5203 bens,
1758 5129 1818 5192 iliad

997 5212 1067 5269 facit
1087 5212 1168 5283 quod
1198 5211 1339 5268 convenit
1368 5209 1487 5275 rationi,
1508 5214 1541 5265 ut
1561 5204 1820 5282 irreprehensibilia

1021 5288 1174 5338 erseveret.

997 5298 1018 5356 p
1034 5355 1073 5426 (a)
1086 5353 1112 5410 Si
1125 5353 1204 5410 einai
1216 5351 1377 5409 necessitas
1387 5350 1533 5416 imminet,
1542 5356 1613 5407 autc
1625 5351 1820 5411 subveniatur,

998 5424 1054 5480 erit
1067 5425 1189 5497 quidem
1206 5429 1319 5494 gratus,
1333 5439 1394 5479 non
1409 5421 1496 5478 valde
1512 5428 1616 5477 tamen
1631 5423 1742 5496 poterit
1755 5420 1822 5476 seire

998 5495 1071 5569 quid
1094 5496 1150 5552 sibi
1171 5495 1336 5568 prestitum
1354 5499 1408 5551 est.
1429 5491 1460 5549 Si
1479 5498 1581 5551 autem
1596 5493 1629 5550 in
1650 5494 1823 5566 ipsaneees·

1029 5596 1037 5625 ¹
1053 5592 1118 5648 ltss.
1137 5591 1263 5643 Golbert..
1278 5591 1407 5655 capanea.

999 5652 1825 5783 anastasin?tamastanus⁹⁰¹¹
