3952 6150
71 180 146 238 Attia

71 303 187 378 aliquid
202 318 236 361 ex
251 319 286 361 eo
295 303 485 376 relinqueret,
500 303 653 363 vermibus
663 304 817 374 scatebat3
828 322 898 364 oum

72 382 175 434 ιοιιιοιι
188 389 295 446 gornor
308 392 450 435 mensura
465 392 579 434 manna
594 392 702 435 sanum
728 386 795 451 post
809 381 899 450 longa

70 448 269 521 postmodum
286 453 420 520 tempore
434 448 522 521 plena
535 450 610 506 Arca
618 449 790 507 reservabat
802 450 897 523 (need.

70 535 131 585 xvi,
142 519 199 602 32).
214 519 246 575 In
257 534 319 592 quo
329 526 357 576 οι
370 520 497 577 mirabili
508 521 710 578 etnecessario
719 525 789 577 tunc
798 522 897 592 signo,

70 596 201 663 exceptis
213 591 249 647 ils
264 606 333 663 quae
345 593 383 647 ad
406 591 562 663 figuralem
577 592 796 665 expositionem
809 593 897 664 perti·

69 668 151 725 nent,
169 662 313 719 studiosis
327 664 476 720 mentibus
487 663 679 729 subveniunt,
692 680 761 733 quta
772 681 835 722 suae
848 681 896 721 ex-

69 732 252 805 planationis
266 733 514 791 illuminationem
533 736 648 792 bomini
670 734 820 807 adjutorio
834 738 897 793 exi-

69 809 156 876 gunt.
173 805 305 861 Primum
318 805 400 862 enim
413 811 511 863 utrum
532 808 617 879 panis
640 807 677 862 sit
688 809 851 879 quaeritur:
868 813 896 865 et

69 877 226 949 quomodo
237 878 325 948 penis
339 878 520 951 Angelorum
528 884 651 936 vocatur
662 895 669 933 :
679 884 707 934 οι
717 878 742 933 si
753 879 837 935 cibus
848 878 896 935 ille

67 948 143 1004 nibil
159 954 281 1004 terrenae
293 952 407 1005 naturae
417 950 558 1006 habuisse
568 949 757 1016 describitur,
769 966 896 1023 quomo·

67 1021 108 1075 do
129 1019 229 1076 adhuc
244 1020 275 1075 in
290 1024 368 1076 terra
382 1020 481 1094 positi,
498 1027 527 1077 et
540 1021 618 1077 vitiis
641 1020 811 1077 carnalibus
826 1022 896 1078 sub·

70 1090 135 1147 'ecti
151 1107 188 1147 ex
200 1106 237 1147 eo
268 1091 407 1148 homines
428 1096 640 1149 sustentantur.
660 1092 746 1148 Panis
769 1093 849 1149 enim
863 1094 895 1149 in

64 1106 233 1220 Psalmistee
247 1163 390 1234 praedicto
405 1163 561 1229 versiculo,
575 1169 606 1219 ut
618 1163 821 1244 prediximus,
838 1180 895 1221 οω-

67 1232 150 1290 lestis
175 1249 240 1289 esse
262 1234 412 1298 scribitur,
429 1235 479 1307 qui
500 1234 538 1291 de
553 1234 686 1292 nubibus
701 1236 811 1307 pariter
823 1252 893 1292 cum

66 1304 343 1376 pluviatribuatur:
357 1306 541 1432 quaenabes,
555 1311 587 1362 ut
599 1307 736 1389 antejam
747 1306 891 1372 diximus,

67 1390 122 1448 per
134 1377 311 1447 Scripturas,
323 1392 367 1434 coe
380 1394 467 1433 orum
481 1378 602 1434 nomine
619 1383 795 1435 vocitantur.
804 1378 893 1435 Panis

66 1453 167 1503 aulem
180 1447 361 1519 Angelorum
377 1449 464 1505 cibus
478 1450 525 1505 ille
537 1449 656 1516 dicitur,
672 1465 731 1505 non
745 1449 827 1522 quod
842 1449 893 1507 illo

66 1518 182 1589 Angeli,
194 1519 247 1592 qui
259 1519 328 1576 cibo
343 1535 402 1576 non
416 1528 513 1591 egent,
525 1526 739 1587 saturarentur,
751 1521 893 1594 sedquod

66 1605 121 1662 per
132 1591 312 1660 Angelorum
321 1592 516 1648 ministerium
528 1591 584 1648 tale
593 1591 736 1659 officium,
750 1593 825 1649 sicut
834 1593 892 1649 Lex

65 1666 94 1717 et
108 1666 215 1718 catera
228 1662 341 1735 populo
354 1664 576 1734 praebebantur,
596 1679 664 1736 quoe
679 1663 724 1719 dis
747 1664 824 1721 usila
839 1679 893 1737 per

65 1733 194 1804 Angelos
207 1734 657 1792 inmanuMediatoristribuitur
669 1735 721 1806 (Ga
764 1777 770 1789 .
783 1751 821 1801 ιιι,
838 1736 891 1805 19).

64 1803 197 1869 Qualiter
211 1818 283 1875 ergo
302 1806 440 1862 homines
462 1805 699 1879 qualescumque
725 1812 892 1864 sustentare

85 1877 223 1942 otuisset,
238 1875 296 1932 nisi
311 1882 461 1933 terrenum
476 1877 589 1949 aliquid
605 1879 636 1934 ιιι
650 1893 706 1934 sua
721 1877 890 1935 substantia

63 1890 188 2003 Beberet
201 1947 216 2002 ‘l
231 1947 286 2004 Sed
299 1949 379 2004 uude
403 1949 536 2005 nubibus
560 1964 674 2005 manna
684 1949 791 2021 pluens
805 1956 892 2008 terre·

64 2032 139 2074 nam
182 2019 381 2076 substantiam
422 2019 535 2076 habere
567 2020 791 2087 monstrabitur,
833 2021 891 2077 uisi

62 2087 139 2146 torte
161 2094 238 2147 aeris
253 2091 348 2163 ipsius
362 2091 482 2147 interior
503 2107 573 2162 pars
587 2097 735 2148 terrenam
756 2091 890 2163 aliquam

62 2167 204 2218 naturam
229 2163 355 2219 retinere
391 2162 600 2220 ostendatur?
625 2163 783 2230 Quomodo
809 2165 890 2220 euim

61 2232 167 2289 avium
209 2233 373 2290 volantium
410 2249 537 2306 corpora
573 2234 696 2291 aufferre
735 2234 889 2303 valuisset,

62 2303 86 2359 si
115 2318 176 2359 non
200 2308 323 2361 terrena
354 2305 511 2362 soliditatis
544 2305 656 2378 aliquid
683 2321 734 2362 aer
759 2306 890 2363 contine·

60 2373 132 2430 reti
155 2375 340 2449 Quapropter
365 2376 415 2433 illa
440 2376 608 2433 substantia
636 2381 665 2433 et
691 2377 786 2433 nubes
809 2376 889 2434 lultre

62 2450 147 2502 terrae
161 2447 257 2517 ipsius
281 2454 399 2516 natura,
422 2450 510 2505 etiam
525 2448 555 2504 iu
580 2449 663 2504 nives
684 2453 713 2504 et
726 2448 889 2521 grandines

60 2517 288 2586 congelascunt,
304 2521 356 2591 qui
370 2535 447 2592 pene
460 2519 603 2576 duritiam
617 2519 751 2602 lapidum
772 2525 889 2577 contra·

60 2586 146 2644 hunt.
164 2589 240 2655 Quid
255 2589 344 2659 igitur
356 2592 413 2647 boc
428 2590 590 2662 capacibus
606 2591 715 2647 animis
729 2597 887 2663 repugnat,

61 2658 88 2715 si
103 2659 182 2716 sicut
204 2661 301 2717 nubes
324 2662 481 2732 grandinis
503 2662 621 2733 lapillos
645 2662 827 2735 concipiunt,
847 2663 889 2719 sic

58 2734 88 2787 οι
114 2744 233 2788 mannae
249 2747 344 2802 grana
363 2734 485 2805 gignere
530 2738 695 2801 oluerunt;
723 2734 889 2805 praesertim

61 2816 131 2881 cum
144 2802 182 2857 ad
199 2810 307 2860 terram
324 2805 458 2870 veniens,
472 2751 563 2861 veinti
582 2820 651 2860 cum
665 2809 794 2874 cognato
811 2820 887 2871 rore,

60 2887 86 2928 st
100 2872 174 2928 illud
187 2875 231 2930 sol
246 2881 329 2930 ortus
353 2877 506 2942 inveniret,
531 2876 617 2948 quasi
634 2875 750 2945 grando
765 2876 795 2931 in
811 2881 889 2933 terra

57 2943 401 3019 liquescensdeperireti
411 2949 506 3018 Atque
514 2947 554 3003 ita
564 2947 624 3003 lieri
636 2947 753 3020 poterit,
763 2952 794 3005 ut
805 2963 889 3003 man·

57 3016 143 3072 nain
158 3018 267 3073 terreni
283 3016 361 3074 aeris
379 3019 469 3091 hujus
488 3019 625 3090 partibus
640 3017 785 3090 genitum,
801 3022 890 3075 terre-

58 3088 105 3143 nis
118 3085 293 3144 hominibus
308 3090 468 3173 prebuerit
480 3090 607 3147 cibalem
617 3096 749 3161 pastum.
763 3093 821 3146 ista
831 3095 888 3146 ete-

57 3156 124 3214 nim
137 3172 208 3229 pars
236 3160 361 3218 interior
375 3162 462 3227 aeris,
477 3166 554 3218 terra
568 3161 659 3217 etiam
690 3160 721 3216 in
738 3162 888 3233 Scriptura

56 3228 163 3286 divina
174 3233 356 3299 nominatur,
371 3232 888 3303 dumincentesimoqnadragesimo

59 3304 169 3358 octavo
182 3301 312 3374 psalmo,
328 3304 494 3377 prophetali
506 3305 610 3375 spiritu
625 3305 656 3360 in
676 3303 792 3360 Domini
808 3319 887 3360 orea-

57 3372 887 3448 torislaudemomnescreaturaeincitantur.Sicnamque

57 3445 276 3501 consummatis
287 3445 332 3502 his
342 3463 410 3520 quae
423 3448 462 3503 ad
474 3449 659 3519 superiorem
669 3455 808 3503 ornatum
819 3446 886 3503 ooeli

56 3516 216 3587 pertinent,
231 3533 300 3573 cum
315 3518 353 3574 ad
370 3520 556 3590 perteseeris
571 3518 662 3574 bu'us
677 3518 888 3575 inferioresve·

58 3586 455 3652 nitur,talitersubiniertur:
468 3589 591 3646 Laudato
604 3535 748 3646 liemarum
758 3590 789 3645 de
799 3596 886 3654 terra,

57 3662 129 3738 etc,
139 3673 246 3731 usque,
258 3677 317 3786 qaae
328 3661 548 3733 fuciuutuerdum
558 3661 623 3730 ejus.
639 3663 711 3717 Ecce
720 3676 800 3717 ιιιιιιο
808 3677 888 3717 cras·

60 3743 173 3786 storem
186 3730 260 3786 nubi
286 3749 319 3786 us
330 3738 359 3788 οι
372 3732 533 3805 vaporibus
546 3734 691 3788 insertum
706 3748 816 3801 aerem,
833 3737 888 3788 ιοι-

59 3814 128 3856 ram
140 3800 286 3873 Propheta
295 3804 502 3865 nominavitet
515 3809 677 3876 antequam
691 3803 731 3859 ad
741 3803 886 3860 interioris

59 3874 158 3938 terrae,
169 3887 237 3945 ques
249 3881 353 3946 postea
364 3875 600 3940 subinferuntur,
615 3892 629 3930 s
652 3875 712 3930 atia
723 3874 885 3946 perveniat.

59 3942 94 4023 ln
109 3942 238 4024 illaergo
251 3947 400 4018 superiori
413 3951 492 4018 parte
502 3952 596 4014 terrae,
610 3890 661 4002 υἷι
672 3945 788 4018 grando
800 3950 828 4002 οι
836 3948 886 4002 nix

57 4020 199 4086 gignitur,
214 4019 396 4074 nascebatur
411 4033 533 4081 manna,
545 4023 575 4075 et
585 4017 615 4073 iu
628 4017 729 4073 cibum
741 4017 887 4074 interioris

57 4089 145 4140 terras
159 4088 252 4158 pertis
261 4088 437 4146 bominibus
448 4104 501 4161 per
512 4090 641 4159 Angelos
656 4088 885 4146 administraba-

58 4161 117 4213 tur.
135 4159 251 4231 Exque
266 4159 352 4216 lacile
376 4161 572 4231 dignoscitur,
589 4175 651 4216 non
668 4161 790 4217 aliunde
803 4165 887 4217 extra
936 4159 954 4232 s

58 4233 199 4286 naturam
208 4232 372 4357 rqursrsiisse
399 4231 452 4288 sed
468 4233 503 4288 de
518 4233 679 4289 terraDeus
690 4231 885 4357 victumque·

56 4314 192 4371 parasse.
232 4317 271 4358 on
283 4304 365 4385 quod
376 4305 453 4360 Deus
466 4302 664 4377 quotidieillis
678 4318 786 4373 panem
801 4318 809 4358 ι
822 4302 885 4359 ιιιιιι

57 4385 252 4429 οοιιιιιιιιιιοιιι
267 4379 357 4431 οιιοιιι
368 4377 397 4432 in
412 4375 531 4432 deserto
541 4378 682 4448 praestare
694 4389 755 4431 non
772 4379 883 4445 posset,

58 4441 114 4498 red
131 4447 163 4498 ut
176 4443 268 4501 bomo
277 4452 382 4528 pastus
393 4447 431 4503 de
444 4447 584 4511 nubibus,
597 4447 684 4502 sciret
696 4446 768 4518 quia
783 4446 885 4502 nonin

55 4513 122 4570 solo
132 4529 210 4584 pane
225 4516 306 4583 vivit,
318 4519 369 4575 sed
379 4520 409 4574 in
419 4520 501 4575 omni
517 4518 609 4575 verbo
623 4518 707 4590 quod
719 4517 758 4573 de
772 4518 820 4573 bei
834 4533 884 4573 ore

54 4585 192 4656 procedit
206 4586 298 4658 (deut.
311 4605 372 4661 vui,
387 4592 425 4660 3).
444 4590 523 4647 Sicut
536 4590 615 4646 enim
628 4594 742 4645 natura
757 4589 885 4662 impera·

55 4655 108 4725 vit,
125 4661 156 4711 ut
170 4657 262 4714 homo
277 4666 459 4717 saturaretur
477 4676 566 4744 pane,
590 4661 632 4717 ita
646 4661 736 4717 etiam
748 4660 786 4715 (ιο
800 4661 883 4717 οιιιιιι

53 4742 250 4802 quacumque
262 4746 304 4795 re,
320 4732 343 4788 si
360 4732 400 4789 ita
413 4732 453 4788 illi
492 4732 610 4794 usserit,
623 4732 778 4805 quomodo
793 4732 884 4789 habe

54 4797 106 4881 bat
122 4801 153 4858 et
167 4804 237 4858 tuuc
252 4802 289 4859 de
304 4804 436 4860 nubibus
459 4748 605 4876 piuviam,
630 4804 741 4859 victum
760 4802 884 4860 habebit

56 4869 254 4928 incolumem.

124 4942 240 5001 CAPUT
252 4944 346 5001 xxiv.
362 4976 396 4987 -
411 4947 451 5001 De
464 4952 546 5017 petru
559 4962 689 5017 pereussa
704 4944 735 5000 iu
749 4942 827 5000 Orci.

90 5009 600 5089 idemquoquapopulusindeserto
611 5017 883 5087 sitienspotamenti

54 5081 301 5166 refocillationem
317 5088 485 5160 postulavit.
504 5088 586 5145 Unde
601 5090 716 5159 Moyses
729 5088 880 5214 qrinceps,

52 5155 732 5232 Deormperente,virgapercussnpetrainQre
757 5174 880 5242 ,aquam

51 5223 431 5310 depetraproduxittd'aod.
444 5232 597 5304 xv11,6).ln
608 5231 789 5287 hocnaturm
801 5245 881 5286 inve-

52 5301 387 5371 stigatorrnangustum
397 5303 548 5373 redigitur,
564 5301 718 5376 quomodo
729 5317 816 5375 aqua
830 5317 881 5358 na·

50 5371 120 5425 tura
132 5370 163 5424 in
173 5370 284 5428 durola
307 5373 535 5431 ideoccultatur.
553 5376 753 5446 lleaquavero
765 5373 880 5444 inprin-

49 5438 132 5510 cipio
147 5441 263 5525 lapides
278 5388 384 5509 iactos,
401 5446 529 5573 qualiter
543 5446 669 5516 ignorat,
681 5446 732 5515 qui
748 5443 878 5526 crystalli

51 5518 204 5578 naturam,
220 5529 286 5571 mre
298 5531 350 5586 per
361 5533 411 5573 mu
427 5523 488 5573 tum
500 5519 642 5589 temporis
653 5516 838 5585 congelante,
849 5531 879 5571 ιιι

48 5585 300 5665 commutabilem
311 5586 567 5660 lapidisduritiam
579 5589 740 5657 procedere
746 5604 806 5644 non
816 5602 879 5644 am·

48 5652 134 5724 bigat
148 5653 163 5710 ι
178 5658 341 5728 prasertim
354 5675 424 5717 curn
438 5658 542 5743 glebas
557 5676 618 5717 non
633 5659 671 5716 de
686 5667 770 5717 terrae
783 5659 878 5733 ipsius

47 5723 153 5797 lrunro,
169 5727 224 5790 sed
237 5728 275 5787 de
294 5729 353 5789 leni
360 5732 499 5806 primtus
514 5732 698 5791 incremento
707 5732 740 5791 in
749 5730 878 5791 summis

657 178 767 239 creuit
785 178 935 240 PRIMUS.
956 213 989 224 -
1008 179 1200 239 Arrunutx.

1709 183 1780 244 Pl'lQ

954 304 1112 365 arboribus
1126 305 1172 364 rel
1185 305 1316 381 scopulis
1331 322 1412 381 saepe
1424 310 1662 381 consideramus,
1675 313 1778 388 inqui·

951 379 1011 436 bus
1021 380 1082 462 [am
1094 377 1273 453 lapillosper
1283 379 1451 452 pluviarum
1460 381 1638 439 inlusionem
1649 387 1777 459 etipsius

952 450 1011 507 iani
1027 466 1056 506 ιιι
1069 451 1197 508 ιιιιιιιιιιιι
1211 452 1373 508 motionem
1380 453 1496 522 genitos
1510 453 1689 511 invenimus.
1701 460 1778 514 Non·

951 522 1049 579 nullas
1076 538 1197 595 quoque
1223 527 1316 579 terras
1354 522 1512 594 argillosas
1538 525 1778 585 transfluentium

951 609 1099 666 aquarum
1115 598 1237 651 assueto
1249 610 1338 650 cursu
1354 594 1527 667 superfusas
1537 596 1568 652 in
1578 598 1720 655 duritiam
1737 599 1777 657 la-

950 666 1056 737 pidum
1068 665 1415 722 vidimusconversas:in
1423 668 1533 739 quibus
1545 668 1776 727 etiamduriores

952 735 1031 793 velut
1045 736 1224 810 antiquioris
1243 738 1336 794 aetatis
1352 739 1478 809 lapidas,
1491 753 1570 811 quos
1585 742 1652 811 ipsa
1663 745 1776 798 humus

972 809 1035 864 rius
1056 809 1086 864 in
1110 824 1141 864 se
1168 808 1326 875 habuerat,
1349 810 1616 867 animadvertimus
1637 812 1774 871 insertos.

950 822 1082 945 Qualiter
1094 879 1318 951 jamnoanullis
1327 880 1481 953 lapidibus
1491 897 1613 1008 quoque
1626 898 1775 942 concavos

948 957 1072 1015 ostreos,
1088 967 1165 1023 quos
1177 952 1301 1023 quando
1316 951 1412 1008 mollis
1434 951 1546 1009 humus
1578 960 1670 1020 uerat,
1687 956 1775 1013 inter·

949 1022 1063 1105 positos
1078 1022 1220 1088 babebat,
1240 1023 1330 1079 veluti
1346 1040 1406 1079 suee
1419 1024 1547 1080 naturali
1561 1025 1678 1083 duritias
1694 1043 1775 1084 nunc

948 1101 1074 1150 insertos
1092 1094 1238 1150 ridemus.
1261 1095 1292 1149 ιιι
1314 1095 1428 1151 crateris
1448 1110 1571 1168 quoque
1592 1113 1667 1168 quos
1686 1097 1775 1169 longe

948 1165 1116 1222 admodum
1129 1166 1225 1221 aetatis
1241 1166 1370 1222 maread
1384 1173 1476 1222 terras
1486 1168 1620 1238 projecit,
1632 1185 1776 1242 superpo·

949 1235 1013 1292 sitta
1028 1251 1119 1292 morae
1135 1237 1278 1306 nagarboe
1291 1236 1454 1306 ¹videntur,
1469 1254 1614 1310 quasuon
1630 1240 1668 1296 de
1683 1242 1775 1298 maris

948 1308 1049 1377 glarea
1064 1307 1202 1372 elevatas,
1219 1308 1270 1363 sed
1286 1323 1323 1363 ex
1336 1308 1402 1380 ipsa
1421 1310 1530 1365 marini
1544 1310 1682 1366 humoris
1697 1328 1774 1385 qua·

948 1379 1037 1446 litate,
1055 1384 1202 1435 eteorum
1219 1384 1352 1435 extrema
1367 1395 1527 1450 corporum
1551 1381 1692 1439 indurata
1706 1388 1773 1440 cute

946 1449 1110 1507 admodum
1124 1465 1189 1506 esse
1203 1454 1367 1519 concretas,
1378 1451 1445 1532 ipsa
1455 1451 1694 1510 consideratione
1706 1470 1776 1537 pro·

946 1521 1067 1579 bamus.
1081 1521 1211 1578 Plurima
1222 1521 1312 1578 etiam
1320 1522 1561 1594 marruareptilia
1572 1524 1773 1582 testudinibus

945 1594 1106 1650 coetaneis
1122 1592 1297 1657 induuntur,
1312 1593 1341 1649 in
1355 1593 1465 1664 quibus
1476 1594 1599 1650 durities
1613 1594 1774 1668 plusquam

947 1664 1144 1737 plurimorum
1156 1663 1293 1735 lapidum
1308 1664 1433 1721 videtur.
1450 1665 1490 1720 Ex
1501 1665 1615 1738 quibus
1630 1667 1773 1724 omnibus

945 1736 1112 1792 manifestis
1127 1735 1409 1807 approbationibus,
1427 1735 1543 1808 lapides
1558 1753 1596 1792 ex
1610 1753 1691 1810 aqua
1706 1744 1773 1795 tan·

946 1814 1011 1864 tum
1021 1823 1110 1873 nunc,
1122 1805 1321 1863 etnonnullos
1331 1822 1366 1862 ex
1381 1814 1501 1880 aquaat
1515 1808 1610 1864 humo
1631 1825 1710 1865 nunc
1724 1825 1773 1881 ge·

945 1880 1023 1936 nitus
1038 1894 1112 1945 esse,
1135 1879 1242 1934 doctus
1261 1877 1391 1951 quisque
1410 1894 1470 1934 non
1483 1878 1612 1948 denegat
1632 1896 1639 1946 ;
1657 1881 1732 1936 sicut
1745 1886 1774 1938 et
1839 1896 1841 1900 ⁴

945 1949 1105 2024 lacrymosi
1118 1950 1275 2006 marmoris
1291 1955 1399 2006 natura
1410 1956 1437 2005 et
1446 1949 1632 2007 consuetudo
1646 1949 1767 2008 indicat.

945 2022 1022 2078 Satis
1035 2022 1126 2079 eliam
1139 2026 1247 2077 natura
1258 2021 1296 2076 de
1308 2019 1424 2093 liquore
1438 2020 1471 2076 in
1494 2020 1600 2093 lapidis
1624 2022 1767 2080 duritiam

944 2099 1083 2150 concreta
1097 2093 1227 2158 vertitur,
1243 2098 1272 2148 et
1287 2092 1394 2148 iterum
1409 2092 1440 2148 in
1452 2091 1599 2163 liquorem
1611 2094 1683 2149 solvi
1699 2109 1774 2151 con·

945 2169 1052 2222 tuetur.
1068 2164 1153 2235 Lapis
1167 2178 1299 2236 quoque,
1317 2170 1346 2219 ut
1361 2163 1415 2219 lob
1435 2162 1501 2220 libri
1518 2169 1619 2220 narrat
1632 2165 1770 2233 historia,

944 2235 1092 2293 resolutus
1107 2233 1207 2291 calore
1226 2235 1255 2290 in
1276 2251 1317 2290 res
1333 2234 1514 2290 convertitur
1529 2235 1592 2304 (dod
1608 2251 1708 2301 uviri,
1723 2237 1769 2310 ι);

944 2308 1094 2380 quodnou
1110 2305 1280 2379 potest,nisi
1295 2306 1376 2378 prius
1386 2305 1415 2361 in
1427 2305 1551 2378 liquoris
1564 2311 1704 2363 naturam
1711 2324 1773 2365 mo·

944 2384 1058 2435 reatur.
1076 2381 1218 2434 Praeterea
1230 2392 1352 2449 quoque
1363 2392 1453 2433 omne
1468 2376 1621 2434 metallum
1637 2384 1772 2449 quante·

945 2447 1771 2522 cumqueduritiasluerit,quamvisliquidaenatureesse

943 2536 1004 2578 nou
1024 2526 1125 2594 pateat
1141 2525 1162 2586 ¹,
1184 2521 1252 2592 igne
1265 2519 1429 2575 resolutum
1444 2518 1592 2592 liquescit.
1609 2522 1685 2577 llum
1698 2537 1770 2590 ergo

944 2607 981 2649 ex
994 2607 1081 2665 aquae
1094 2593 1220 2648 humore
1229 2589 1365 2663 lapidum
1379 2594 1487 2646 natura
1500 2591 1582 2661 gigni
1593 2591 1772 2664 comproba·

945 2668 999 2727 tur,
1010 2663 1084 2736 quid
1097 2663 1196 2720 obstat
1208 2663 1232 2717 si
1249 2663 1299 2718 [lei
1312 2661 1519 2733 gubernatoris
1535 2662 1685 2719 voluntate
1694 2662 1772 2735 lapis

943 2735 1097 2807 inaquam
1115 2749 1200 2791 versa
1216 2733 1276 2788 vioe
1293 2737 1433 2797 mutetur,
1450 2738 1481 2788 ut
1504 2739 1612 2790 natura
1629 2735 1668 2789 ad
1683 2750 1772 2791 suam

943 2807 1089 2877 originem
1103 2803 1335 2887 rediralest'inet,
1351 2805 1623 2877 cumDeusaquam
1640 2805 1677 2861 de
1688 2811 1771 2877 petra

944 2875 1395 3028 pqqqonquqxqraherrlyeuqqqg
1410 2946 1515 3028 Moysi,
1536 2963 1622 3017 quare
1635 2947 1736 3003 ducatu

1162 3017 1335 3073 Sacerdotem
1349 3024 1453 3088 prevete
1470 3021 1545 3073 turri.

979 3090 1046 3146 Post
1060 3089 1125 3145 haec
1138 3103 1260 3161 quoque
1275 3088 1368 3160 Moysi
1390 3094 1545 3158 cognatus,
1573 3104 1642 3144 cum
1660 3088 1772 3160 Sepho-

942 3176 1008 3243 ram
1020 3159 1098 3243 illius¹
1109 3159 1200 3242 Moysi
1210 3164 1368 3215 uxoremst
1377 3158 1538 3215 duostilios
1546 3158 1770 3242 ejusdelulerat,

942 3229 1771 3384 tttttttttlutttltltqlltttattitulati

941 3374 982 3432 ad
995 3373 1268 3432 castrorumlocum
1281 3379 1408 3437 venitur,
1424 3371 1536 3427 tribuni
1548 3377 1771 3428 etcenturrones

941 3451 970 3503 et
981 3445 1232 3518 quinquagenarii
1243 3449 1272 3501 οι
1280 3443 1494 3500 decurionesin
1502 3443 1550 3498 uei
1562 3442 1675 3514 populo
1686 3457 1771 3498 cons·

942 3516 1192 3600 tituunlurld'aod.
1203 3513 1530 3598 1v111‚5-l,2l,2t)3sed
1543 3515 1580 3569 de
1597 3514 1687 3586 Moysi
1702 3513 1770 3595 tiliis

940 3585 1703 3737 ttttltttitllt§tuttatitillatu
1718 3585 1770 3711 ll

940 3730 1325 3874 tttitt‘littltiltt
1339 3726 1772 3870 lttttlttltttttllt:

939 3889 1008 3931 neni
1026 3821 1128 3931 tiendo
1153 3843 1290 3939 vincitur,
1320 3887 1389 3928 cum
1410 3870 1463 3927 lilii
1493 3871 1584 3942 Moysi
1613 3870 1651 3952 de
1669 3869 1771 3952 gentili

940 3951 1036 4002 matre
1046 3943 1296 4018 peregrinationis
1305 3949 1594 4013 eausagenerantur¹
1603 3943 1649 3998 Sic
1659 3947 1770 3999 etenim

938 4017 977 4073 de
992 4020 1100 4088 Moyse,
1115 4032 1185 4073 cum
1197 4015 1431 4088 primogenitum
1443 4014 1606 4085 genuisset,
1623 4013 1747 4070 retertur
1763 4028 1770 4068 ι

937 4090 975 4144 Et
991 4088 1096 4144 amauit
1120 4104 1214 4144 nomeu
1237 4086 1294 4154 rjus
1318 4086 1432 4151 durau,
1454 4084 1555 4154 diceus,
1579 4085 1652 4153 Quin
1665 4085 1770 4142 advena

952 4160 985 4216 ui
997 4161 1028 4214 ιἰι
1041 4167 1119 4215 terro
1132 4160 1222 4214 aliena
1235 4157 1334 4231 (duod.
1352 4175 1380 4220 u,
1392 4157 1448 4227 Pi).

973 4232 1087 4288 CAPUT
1101 4230 1192 4287 XXVI.
1207 4232 1293 4285 -De
1302 4229 1409 4301 jejuuio
1418 4226 1602 4300 quadraginta
1615 4225 1735 4306 dierunt.

973 4301 1239 4358 Intereainvitatus
1252 4301 1419 4357 Deilamiue
1430 4302 1554 4371 Moyses,
1587 4297 1766 4367 uadragrnta

938 4373 1002 4430 dies
1012 4373 1170 4445 ieiunavit,
1187 4377 1216 4428 et
1230 4372 1355 4453 liberato
1372 4372 1421 4427 uei
1437 4368 1550 4451 populo
1564 4313 1602 4450 3ο
1617 4368 1767 4440 AEgyptio·

937 4447 1124 4502 rumdecem
1151 4444 1257 4516 plagis,
1279 4455 1532 4515 quinquagesimo
1560 4438 1619 4502 dre,
1648 4454 1681 4495 οιι
1707 4453 1768 4564 quo

936 4514 1051 4589 inAEgy
1076 4520 1104 4572 lo
1120 4515 1231 4571 Pascha
1246 4513 1431 4570 celebratum
1451 4516 1506 4577 est,
1523 4510 1626 4566 decem
1640 4524 1709 4589 tuan
1735 4525 1768 4566 a·

936 4590 1035 4643 torum
1054 4532 1155 4656 iegem
1182 4585 1219 4641 de
1244 4589 1344 4641 monte
1357 4582 1440 4641 Sinai
1453 4583 1484 4637 in
1498 4581 1619 4638 duabus
1639 4579 1768 4652 lapideis

937 4659 1046 4715 tabulis
1061 4656 1166 4713 detulit
1190 4655 1290 4729 (duod.
1306 4671 1384 4718 xxiv,
1404 4659 1458 4722 {23
1484 4669 1561 4718 xxxi,
1592 4653 1644 4714 llll.
1673 4652 1766 4719 Quas,

937 4744 1006 4786 cum
1030 4729 1160 4785 ollensus
1184 4732 1261 4784 esset
1290 4726 1393 4800 populi
1412 4725 1564 4797 peccantis
1579 4722 1711 4795 piaculo,
1729 4723 1769 4780 ad

936 4800 1049 4857 montis
1061 4800 1177 4858 radices
1190 4799 1336 4869 confregit
1345 4797 1445 4871 (deod.
1460 4812 1552 4862 xxxa,
1571 4795 1624 4868 19).
1640 4798 1769 4853 Restan-

936 4872 1066 4944 ratisque
1082 4871 1204 4929 totidem
1214 4871 1332 4927 numeri
1344 4870 1370 4941 ej
1377 4869 1482 4925 usdem
1496 4868 1629 4925 materiae
1645 4867 1766 4948 tabulis,

935 4959 1039 5001 rursus
1056 4942 1257 5016 quadraginta
1271 4942 1378 4998 diebus
1392 4941 1525 5012 jejunus,
1552 4940 1601 4994 liei
1617 4938 1767 5009 largitoris

935 5009 1766 5091 munere,eadempraceptareciperemeruit(idam,

934 5087 990 5157 28).
1007 5087 1063 5144 Sed
1087 5102 1140 5159 per
1165 5087 1223 5143 hoc
1247 5092 1367 5156 tempus
1393 5087 1498 5141 contra
1517 5079 1768 5161 cousuetudinem

933 5156 1058 5214 humani
1080 5158 1179 5224 moris,
1205 5157 1251 5213 bis
1272 5157 1379 5222 taliter,
1396 5161 1429 5211 ut
1447 5152 1579 5226 predixi,
1599 5150 1681 5207 nullo
1699 5149 1768 5231 lair-

933 5235 1020 5300 gatus
1039 5230 1143 5285 inedias
1158 5228 1271 5294 labore,
1285 5228 1399 5284 nullam
1422 5230 1546 5282 terrenae
1566 5225 1768 5303 conversatio·

933 5302 980 5358 nis
994 5315 1095 5357 escam
1112 5299 1329 5364 manducavit;
1350 5295 1497 5371 quoniam
1510 5293 1766 5376 divininsermonlrs

932 5373 1082 5430 consortio
1097 5371 1199 5436 fultus,
1219 5376 1282 5426 tam
1299 5368 1424 5440 longam
1439 5365 1571 5422 inediam
1591 5379 1656 5421 stne
1667 5377 1764 5420 esurie

934 5444 1082 5500 sustinere
1097 5443 1202 5514 potuit.

985 5515 1098 5571 CAPUT
1112 5513 1214 5570 xxvll.
1230 5541 1264 5554 -
1278 5510 1316 5567 De
1328 5507 1426 5580 populo
1441 5522 1536 5563 caruca
1546 5505 1711 5578 postulante.

968 5588 1111 5643 Praeterea
1125 5577 1646 5654 carniumconcupiscentiainfldelis
1655 5575 1760 5651 populi

960 5676 969 5709 ¹
986 5673 1035 5725 Ms.
1049 5673 1128 5732 And,
1146 5686 1227 5724 rocco
1241 5670 1369 5736 oapcrbn.

985 5738 1033 5788 Ma.
1050 5736 1130 5797 And„
1147 5740 1272 5802 οοοιοιιιι(
1287 5732 1392 5807 liquida
1404 5735 1506 5785 edura
1525 5734 1576 5783 trec
1590 5732 1687 5797 puteat.
