3952 6150
153 217 231 281 {Sd'i
626 212 665 274 ΙΝ
685 211 848 275 suaeuis
870 210 1143 287 evertentium,
1166 211 1197 273 S.
1219 212 1433 275 Aucdsrlrtt
1831 218 1911 283 1868

148 353 221 412 tavit
242 350 417 424 obsequium
439 366 446 420 ;
470 350 592 407 credens
617 351 693 422 quod
717 349 884 406 desererent
907 348 1000 406 Deum
1090 348 1160 420 dixi,
1175 348 1246 421 quia
1268 347 1417 408 vobiscum
1441 364 1539 420 eram;
1555 364 1644 421 usque
1659 350 1746 418 adid.
1763 353 1793 410 Si
1809 360 1910 414 autem

149 442 250 513 lsrael,
264 439 442 515 quicumque
468 442 703 497 converterentur
728 438 763 496 ad
788 437 947 495 christum.
963 436 1002 495 Ut
1091 438 1198 512 abiero,
1215 439 1330 496 mittam
1344 454 1410 497 snm
1424 440 1460 497 ad
1476 439 1692 512 cosdumam,
1708 443 1735 513 i.
1750 442 1811 500 5-7.

148 532 228 588 enim
240 535 268 588 ot
278 530 374 602 ipsum
385 529 533 586 Christum
544 527 783 599 occiderent,ista
798 527 909 584 ratione
919 543 999 584 com·
1092 531 1117 587 l,
1134 534 1205 587 cum
1220 528 1362 588 Dominus
1375 528 1462 587 Jesus
1482 528 1663 603 predixisset
1676 531 1830 607 discipulis
1844 536 1910 595 suis

148 623 220 682 moti
235 629 305 680 sunt
320 639 328 681 τ
344 639 411 680 nam
424 638 525 680 eorum
541 622 576 677 de
600 621 655 678 hao
680 635 710 677 ra
725 619 812 676 ctiam
826 619 915 677 verba
930 635 1003 676 con·
1054 621 1271 695 persecutiones
1281 638 1352 695 quas
1368 621 1484 695 passuri
1499 621 1617 680 luerunt
1631 632 1695 697 post
1710 626 1775 698 eius
1791 627 1909 686 absces-

148 713 254 785 scripta
268 717 348 770 sunt.
368 712 466 769 Videtis
475 712 541 785 quia
558 714 629 767 totus
646 709 766 766 mundus
782 715 843 781 post
853 725 915 765 eum
932 706 1002 765 obiit
1054 728 1132 779 sum,
1148 711 1309 783 subjunxit,
1325 716 1412 783 atque
1427 712 1469 769 ait
1485 735 1492 766 e
1506 713 1567 770 lter
1581 721 1673 771 eutem
1687 714 1760 773 dehis
1774 717 1809 773 ab
1825 717 1909 776 tuitio

146 805 243 877 (loca.
254 820 305 873 xri,
317 802 360 877 ta)
377 818 384 859 :
401 804 426 860 si
440 803 624 859 dimiserimus
634 817 698 858 eum
708 803 810 869 viuere,
821 800 930 856 venient
946 799 999 855 lto·
1052 815 1108 858 aon
1129 800 1200 871 diei,
1216 800 1285 875 quia
1299 800 1440 858 vobiscum
1457 818 1535 860 erum
1549 820 1559 860 :
1573 820 1648 861 nuuc
1670 809 1764 863 eutem
1782 808 1852 867 codo
1871 810 1909 866 od

145 896 272 963 mundet
287 893 381 951 tolient
396 892 510 951 subdet
520 892 608 949 locum
618 900 644 949 et
656 895 776 966 penum.
791 889 824 945 ttt
834 889 912 963 quod
927 887 996 946 (lai-
1051 908 1114 949 eum
1128 892 1176 966 qui
1189 906 1233 948 mc
1245 889 1333 948 misit.
1350 891 1401 950 Ubi
1417 891 1545 965 primum
1562 891 1720 952 videndum
1736 900 1791 963 eat,
1809 906 1905 957 utrum

145 984 219 1058 phas
230 983 303 1041 dixit
318 983 496 1056 :impediret
511 982 875 1053 unushomomoriaturpro
886 979 995 1054 populo,
1052 981 1094 1039 eis
1118 982 1231 1039 tuturus
1246 998 1304 1039 non
1324 980 1489 1055 predixerit
1512 985 1580 1041 ante
1604 984 1766 1057 passiones.
1783 986 1840 1047 Sed
1855 988 1905 1049 alii

144 1082 172 1133 ct
186 1089 241 1131 aon
257 1076 388 1145 totopcss
401 1076 496 1146 pereat
511 1072 564 1146 (ld.
580 1089 620 1139 ιι,
635 1071 680 1135 ts,
695 1070 752 1145 50).
765 1073 800 1127 st
814 1069 844 1127 in
860 1068 914 1126 hoo
929 1085 995 1142 argo
1051 1078 1108 1130 tres
1132 1068 1315 1145 evangeliste
1338 1070 1412 1128 satis
1435 1087 1504 1129 cum
1528 1070 1696 1144 predixisse
1710 1075 1765 1133 ista
1780 1078 1905 1137 demon·

143 1179 277 1221 sermone
291 1179 361 1222 suos
375 1161 536 1237 discipulos
553 1178 608 1220 suo
624 1161 715 1219 erexit
728 1158 871 1233 exemplo,
887 1158 995 1233 quibus
1050 1164 1152 1227 strant,
1177 1163 1334 1232 antequem
1359 1162 1478 1218 ventum
1503 1165 1579 1218 esset
1601 1162 1638 1218 ad
1661 1180 1773 1222 cenam
1789 1167 1902 1239 (liotth.

63 1316 66 1323 ,
142 1251 264 1322 dixerat,
282 1252 312 1309 Si
325 1267 370 1309 mc
381 1253 516 1325 persecuti
528 1256 605 1322 sunt,
618 1257 645 1308 ct
667 1264 711 1307 ees
724 1252 926 1323 persequenter
940 1248 992 1322 (id.
1049 1269 1126 1320 xxrv,
1146 1252 1181 1320 9;
1202 1255 1288 1308 Marc.
1307 1266 1369 1319 xrrr,
1386 1249 1465 1320 9-13,
1485 1257 1512 1307 et
1531 1250 1597 1311 luc.
1618 1269 1676 1323 xxi,
1697 1253 1794 1328 1247)
1816 1275 1823 1314 :
1844 1276 1904 1332 qu.

140 1358 189 1415 xv,
212 1342 278 1414 20);
298 1346 331 1400 ut
359 1341 606 1414 quemadmodum
632 1338 715 1397 illum
743 1336 910 1410 occidendo,
936 1337 994 1396 Deo
1048 1345 1165 1414 peracta
1177 1340 1340 1399 secundum
1355 1338 1500 1397 Joauncm
1515 1340 1572 1398 ista
1585 1340 1703 1401 locutus
1717 1347 1773 1414 est,
1785 1346 1836 1403 ubi
1850 1348 1902 1417 ait,

140 1447 173 1491 se
197 1431 369 1505 praestitisse
400 1430 576 1502 obsequium
613 1432 796 1503 putaverunt,
826 1426 868 1484 sio
906 1427 992 1485 otiam
1048 1431 1112 1491 liaec
1121 1438 1217 1487 cutem
1226 1430 1297 1488 codis
1307 1428 1433 1485 ubiaitic
1444 1444 1499 1485 aaa
1509 1427 1579 1498 diei,
1590 1433 1656 1504 quic
1667 1433 1803 1491 uobiscum
1812 1452 1900 1496 crura.

139 1521 218 1581 iilos.
1048 1524 1091 1579 Aa
1104 1521 1177 1578 lorte
1192 1519 1261 1577 binc
1278 1519 1332 1576 ista
1347 1517 1468 1576 solvitur
1484 1520 1615 1593 questio,
1632 1521 1701 1595 quia
1721 1528 1750 1581 at
1770 1524 1813 1582 iili
1834 1543 1900 1586 eum

175 1614 202 1671 i.
216 1613 274 1671 lete
288 1615 385 1687 itaque
395 1628 499 1672 sensus
518 1615 562 1670 est
573 1612 604 1669 in
624 1611 670 1668 his
691 1610 804 1668 verbis:
822 1610 908 1668 listro
922 1628 992 1686 spra-
1047 1615 1168 1669 narrant
1182 1608 1310 1684 passioni
1325 1609 1490 1683 proximum
1506 1609 1595 1667 luisse
1608 1628 1676 1669 cum
1691 1612 1753 1672 hec
1768 1615 1901 1675 diceret?

138 1720 239 1776 opeque
262 1703 368 1779 sociem
390 1718 464 1768 oos,·
488 1703 539 1761 sed
568 1700 656 1760 nolite
680 1699 867 1758 solitudinem
892 1701 991 1759 lormi·
1047 1705 1109 1760 Non
1124 1716 1192 1774 ergo
1208 1700 1244 1757 ab
1259 1699 1342 1757 initio
1357 1700 1472 1771 quaudo
1488 1716 1553 1758 cum
1576 1699 1637 1759 iilis
1660 1707 1732 1774 erat,
1750 1703 1900 1779 quiajam

139 1794 209 1852 dare
224 1810 232 1850 :
248 1793 373 1867 separati
388 1793 493 1867 quippe
517 1809 535 1850 a
557 1790 781 1867 congregatione
803 1806 916 1859 eorum,
932 1799 991 1851 tam
1045 1792 1239 1861 discessurus,
1263 1790 1388 1862 jamque
1416 1790 1451 1846 ad
1480 1789 1593 1848 Patrem
1623 1797 1807 1865 perrecturus
1837 1796 1899 1855 hec

137 1882 247 1942 multos
257 1883 285 1941 in
302 1884 421 1941 nomine
441 1899 505 1941 meo
516 1880 741 1956 congregabitis,
753 1884 786 1938 ut
802 1880 845 1937 iiii
863 1885 991 1940 metuen-
1044 1883 1118 1941 dixit
1134 1898 1141 1939 :
1157 1887 1185 1940 et
1198 1881 1262 1938 ideo
1277 1880 1365 1939 etiam
1380 1881 1540 1938 secundum
1556 1880 1622 1939 illos
1637 1884 1834 1958 evangelistas
1849 1904 1899 1948 vs·

135 1979 181 2033 tos
195 1990 232 2032 ue
246 1973 390 2046 templum
406 1975 483 2047 quod
498 1981 559 2031 erat
574 1973 651 2047 apud
668 1987 728 2039 eos,
744 1974 774 2028 et
787 1971 887 2029 omnia
907 1973 989 2044 Lagis
1045 1988 1109 2030 rum
1124 1979 1167 2029 est
1182 1971 1256 2044 quod
1272 1968 1321 2027 bic
1334 1968 1445 2027 dictum
1461 1971 1696 2037 mulierculam
1708 1976 1782 2034 ochis
1794 1978 1830 2034 ab
1843 1979 1898 2035 irri-

136 2065 242 2123 veteris
264 2069 448 2122 sacramenta
471 2064 653 2134 deserantur,
669 2060 847 2119 interliciunt
859 2077 929 2130 vos;
946 2063 989 2121 sic
1042 2064 1080 2120 tio
1093 2077 1148 2120 rios
1162 2061 1233 2118 dici.
1249 2060 1304 2116 Sed
1328 2059 1397 2133 quid
1425 2059 1541 2133 agimus
1555 2061 1592 2118 dc
1606 2061 1663 2119 ssde
1681 2063 1828 2139 Evangelii
1843 2085 1896 2126 sc·

136 2153 291 2212 tundentes
314 2153 490 2226 sauguinem
514 2155 656 2221 uestrum,
673 2155 705 2208 ut
724 2150 783 2208 Deo
802 2166 833 2207 se
854 2158 988 2224 prestare
1043 2153 1168 2211 cuudum
1184 2148 1712 2221 Mattbaecm,quiheceisallomino
1726 2170 1783 2213 non
1798 2156 1896 2217 sulum

134 2244 312 2303 arbitrentur
335 2244 522 2316 obsequium.
547 2242 620 2300 Ecce
643 2245 689 2299 εει
709 2239 781 2299 illud
796 2241 874 2314 quod
890 2240 925 2298 da
941 2242 988 2301 hie
1042 2257 1107 2299 cum
1117 2242 1180 2314 jam
1195 2243 1273 2298 esset
1285 2238 1396 2297 Pascha
1410 2254 1477 2297 cum
1489 2239 1644 2315 discipulis
1659 2247 1828 2303 ooeuaturus
1844 2247 1898 2307 im·

133 2336 207 2394 dixit
219 2335 390 2410 Apostolus,
404 2335 499 2392 Zetum
517 2337 568 2392 Dei
581 2333 695 2403 hubent,
710 2331 755 2389 scd
769 2348 825 2389 uon
839 2331 987 2391 secundum
1042 2334 1170 2390 minente
1184 2332 1330 2406 passione,
1341 2344 1443 2387 verum
1454 2334 1483 2388 ct
1493 2329 1530 2388 ab
1545 2331 1629 2388 initio
1644 2333 1818 2394 denuntiata
1831 2354 1896 2397 asse

131 2431 273 2486 edentium
290 2428 377 2499 (Rom.
392 2443 421 2493 x,
436 2425 464 2500 2)
477 2442 483 2483 :
498 2425 671 2499 obsequium
682 2439 714 2483 se
730 2427 834 2498 putant
848 2429 986 2497 prestare
1041 2426 1261 2491 commemorat,
1274 2420 1324 2477 ubi
1340 2420 1468 2493 primurn
1485 2420 1661 2479 nominatim
1676 2425 1832 2484 duodecim
1847 2443 1896 2486 ox·

131 2517 201 2582 Deo,
222 2514 423 2572 interficiendo
445 2513 572 2571 famulos
597 2512 656 2570 liei.
673 2512 695 2570 0
711 2529 792 2570 error
806 2512 983 2571 horrendus!
1041 2514 1211 2585 primuntur
1232 2510 1376 2584 Apostoli,
1395 2514 1425 2568 et
1447 2511 1483 2568 ad
1508 2527 1595 2584 opera
1617 2512 1715 2570 divina
1737 2516 1895 2576 mittuntur

132 2604 214 2661 itane
237 2607 271 2660 ut
293 2602 409 2675 placeas
432 2602 501 2670 Deo,
528 2602 655 2675 percutis
680 2600 840 2673 placentem
864 2601 940 2675 Deo;
955 2607 985 2662 at
1039 2602 1144 2676 (satra.
1159 2618 1188 2668 x,
1204 2599 1271 2670 liti
1283 2599 1357 2669 Quid
1373 2597 1428 2656 sihi
1445 2614 1513 2672 ergo
1527 2599 1590 2657 vuit
1603 2602 1681 2673 quod
1699 2602 1746 2661 bic
1761 2604 1814 2676 ait,
1829 2607 1895 2666 liare

131 2691 274 2766 templum
297 2692 348 2748 Dei
364 2691 460 2748 vivum
476 2694 505 2748 te
520 2689 639 2748 lerients
658 2690 860 2763 prosternitur,
876 2708 912 2749 ns
932 2691 983 2751 Del
1038 2689 1262 2749 cutemvobiscb
1273 2688 1893 2763 initioerudiriqueuobiscumcromcnisi

130 2782 274 2855 tempium
285 2779 431 2853 lapideum
441 2779 611 2838 deseratur?
622 2780 644 2834 0
655 2779 841 2837 exsecrabilis
851 2780 980 2841 cecitasl
1037 2781 1104 2853 quia
1117 2796 1151 2837 ea
1166 2796 1229 2852 que
1245 2778 1293 2836 hic
1308 2777 1380 2835 dicit
1393 2777 1429 2835 de
1442 2778 1554 2850 Spiritu
1570 2784 1680 2843 sancto.
1692 2783 1770 2855 quod
1785 2784 1811 2839 si
1824 2801 1894 2843 vcn-

127 2873 230 2932 sodex
243 2875 323 2943 parts
339 2871 368 2928 in
384 2872 472 2929 Israel
484 2871 626 2938 iactaest,
638 2877 669 2927 ut
683 2869 982 2943 plenitudotlartium
1038 2872 1119 2923 turus
1142 2865 1178 2921 ad
1201 2880 1250 2921 θοι
1269 2872 1296 2921 et
1321 2863 1518 2921 testimonium
1545 2865 1756 2939 perhibiturus,
1771 2870 1893 2943 quaudo

127 2962 272 3020 intraret:
289 2975 324 3017 cx
347 2965 439 3033 parte,
456 2959 589 3032 inquam,
606 2958 682 3016 lacta
705 2962 760 3028 cst,
777 2975 834 3016 non
855 2975 889 3016 ex
912 2964 980 3019 toto.
1037 2954 1114 3013 maia
1128 2952 1179 3011 illa
1194 2954 1310 3028 passuri
1322 2961 1399 3016 sunt,
1422 2952 1483 3011 bac
1503 2952 1539 3011 ah
1563 2953 1645 3012 initio
1664 2955 1707 3014 eis
1726 2973 1786 3015 non
1807 2958 1894 3031 dixit,

125 3050 188 3109 Non
205 3050 283 3108 enim
299 3065 412 3117 omncs,
428 3048 476 3107 sed
492 3047 584 3120 aliqui
600 3065 633 3105 er
647 3046 737 3105 ramis
755 3047 838 3105 tracti
853 3054 932 3121 suut,
949 3053 982 3107 ut
1036 3044 1186 3117 quiscum
1204 3044 1278 3117 ipsis
1291 3043 1376 3101 erati

126 3139 302 3197 insereretur
330 3137 453 3194 oleaster
476 3135 527 3209 (ld.
552 3153 592 3206 ει,
615 3136 662 3205 25,
687 3136 743 3209 17).
768 3135 842 3193 Νειιι
867 3136 980 3209 Spiritu
1069 3136 1096 3190 2.
1114 3133 1284 3192 Consolator
1306 3148 1375 3205 ergo
1396 3131 1444 3190 ille
1467 3133 1512 3191 vei
1536 3135 1695 3194 advocatus
1719 3136 1892 3212 (uirumque

125 3232 227 3288 sancto
260 3226 400 3300 implente
433 3223 592 3299 discipulos
620 3225 739 3296 Christi,
768 3242 836 3282 cum
869 3225 980 3301 linguis
1034 3224 1893 3299 eniminterpretaturquodcstgreceparacletus),Cbri·

124 3314 255 3374 omnium
279 3315 411 3388 gentium
436 3313 635 3387 loquerentur,
651 3329 720 3371 cum
746 3330 798 3387 per
814 3330 864 3372 eos
880 3315 979 3375 divina
1034 3318 1079 3371 sto
1095 3313 1267 3370 abscedente
1283 3312 1377 3371 luerat
1390 3313 1588 3381 necessarium
1599 3315 1703 3371 etideo
1714 3316 1751 3373 de
1763 3315 1816 3375 iilo
1831 3333 1889 3376 non

122 3406 265 3464 miraculo
290 3405 554 3478 frequentarentur,
571 3407 600 3461 et
614 3402 714 3460 divina
728 3400 844 3475 eloquia
860 3420 978 3477 sparge·
1033 3402 1144 3460 dixerat
1154 3403 1190 3460 ab
1205 3402 1289 3460 initio
1301 3401 1418 3475 quando
1430 3417 1497 3460 cum
1508 3403 1568 3461 illis
1579 3407 1649 3473 erat,
1661 3403 1808 3479 quiaeJus
1821 3422 1893 3480 pre·

122 3501 235 3568 rentur,
251 3497 339 3554 etiam
365 3496 481 3554 occisus
504 3495 545 3552 ita
570 3495 694 3553 dilectus
718 3498 763 3551 est
782 3493 928 3567 Christus,
945 3500 978 3554 ut
1033 3492 1128 3550 sentia
1151 3491 1378 3550 consolabantur
1394 3508 1401 3548 r
1417 3493 1608 3551 abscessurus
1622 3497 1721 3551 sutem
1737 3497 1889 3569 oportebat

121 3589 185 3659 ajns
200 3584 336 3659 discipuli
349 3583 460 3658 expulsi
476 3583 782 3657 acongregationibus
795 3583 812 3640 J
816 3584 976 3655 udeorum,
1033 3585 1065 3640 ut
1079 3582 1186 3640 diceret
1208 3580 1294 3638 illum
1314 3597 1379 3641 esse
1394 3586 1563 3653 venturum,
1578 3600 1630 3657 per
1644 3601 1732 3658 quem
1752 3589 1888 3648 futurum

121 3694 157 3732 ex
170 3677 244 3748 ipsis
257 3692 374 3749 quoque
387 3675 500 3732 Judeia
515 3676 661 3747 ingentem
679 3673 897 3731 multitudinem
909 3693 976 3734 con·
1031 3676 1093 3730 crat
1108 3678 1139 3730 ut
1154 3672 1296 3730 charitate
1311 3672 1417 3730 didusa
1428 3673 1458 3730 iu
1468 3673 1605 3732 cordibus
1621 3676 1684 3732 suis
1694 3677 1817 3737 verbum
1833 3679 1889 3738 Dei

121 3768 285 3836 gregarent,
308 3771 336 3819 et
360 3762 471 3820 nullam
498 3763 687 3821 solitudinem
704 3763 975 3831 formidarentilct.
1030 3779 1098 3820 cum
1123 3761 1229 3820 fiducia
1252 3761 1460 3834 praedicarent,
1483 3765 1511 3819 et
1535 3761 1587 3820 illo
1610 3764 1791 3826 intrinsecus
1804 3770 1884 3841 apud

121 3861 209 3921 ιι-ιιι.
226 3850 300 3908 liinc
318 3867 387 3924 ergo
408 3852 523 3908 accensi
548 3853 641 3908 ceteri
666 3853 781 3925 reprobi
796 3862 822 3910 ot
837 3855 915 3923 oeci,
928 3872 974 3913 ao·
1029 3867 1079 3909 aos
1093 3851 1296 3909 testimonium
1317 3850 1489 3924 perhibente
1504 3851 1539 3908 de
1554 3851 1680 3925 Christe,
1695 3853 1753 3928 ipsi
1766 3872 1885 3931 quoque

120 3939 183 3998 lum
198 3939 248 3996 Dei
266 3939 418 4008 habentes,
434 3940 484 3997 sod
506 3957 563 3998 non
590 3942 751 3998 secundum
767 3941 932 4015 scientiam,
947 3949 975 4003 et

121 4028 297 4100 obsequium
321 4043 353 4085 se
376 4032 513 4101 prestare
536 4028 594 4086 Deo
619 4029 781 4098 credentes,
805 4032 976 4092 occidebant

13 4118 17 4125 '
121 4134 182 4177 cos.
198 4118 255 4175 Sed
280 4133 331 4190 pro
356 4117 415 4175 iilis
431 4118 547 4176 occisus
562 4117 716 4192 colligebat
730 4136 796 4190 cos;
813 4120 863 4192 qui
878 4122 913 4179 de
928 4123 975 4182 his

120 4207 237 4278 tuturis,
261 4213 418 4282 antequam
443 4207 635 4278 occideretur,
661 4209 840 4268 instruxerat
863 4228 922 4283 eos,
940 4231 976 4272 ne

119 4299 974 4375 ignarosatqueimparatosanimosmalainopinataetim·

117 4391 244 4463 provisa,
257 4390 393 4464 quamvis
405 4391 462 4449 cito
476 4390 647 4464 transitura,
658 4395 819 4465 turbarent,
830 4394 880 4452 sed
898 4412 971 4469 pra-

119 4480 236 4554 cognita
246 4485 275 4538 at
285 4481 429 4553 patienter
443 4485 562 4555 accepta
573 4482 609 4539 ad
623 4484 697 4540 bona
712 4483 891 4558 sempiterna
905 4502 971 4558 per·

119 4570 266 4628 ducerent.
281 4575 362 4628 lianc
377 4571 455 4633 coitu
479 4571 571 4630 luisse
585 4589 702 4630 causam
719 4578 750 4632 ut
765 4574 826 4632 hec
839 4575 882 4635 eis
897 4593 970 4651 pre·

119 4658 277 4727 nuntiaret,
293 4660 380 4717 otiam
406 4661 467 4732 ipse
488 4662 695 4721 demonstravit
711 4664 874 4737 adjungens
890 4682 897 4724 t
912 4667 971 4725 Sed

119 4748 179 4808 iraec
189 4747 293 4805 iocatur
303 4765 365 4804 aum
380 4749 461 4816 uehis,
473 4757 505 4806 ut
522 4755 704 4809 cumvenerit
719 4752 904 4825 ituraeorum,
921 4771 970 4814 rc·

117 4837 307 4897 miniscomiui
320 4841 383 4909 quie
398 4854 444 4911 epo
459 4840 520 4895 diei
533 4842 614 4897 υειιι.
631 4842 822 4901 Heraeorum
843 4844 914 4904 hora
927 4850 969 4903 te·

118 4932 251 4999 nebrosu,
269 4927 337 4985 bora
353 4934 505 4988 nocturna.
521 4930 577 4988 Sed
594 4931 624 4987 in
639 4931 686 4988 die
702 4933 851 4991 mandavit
872 4934 969 4993 Domi·

118 5036 175 5076 nus
191 5018 420 5076 miscricordiam
436 5035 532 5088 suam,
545 5024 572 5076 et
585 5021 613 5077 in
625 5025 710 5078 nocte
720 5022 872 5081 declaravit
884 5025 968 5093 (Psoi.

117 5126 174 5178 ιιι,
189 5110 217 5173 9)
231 5109 364 5181 :quando
379 5125 435 5166 uox
450 5107 619 5167 iudeorum
635 5115 802 5183 separatum
815 5130 831 5169 a
846 5130 877 5171 sc
892 5113 970 5172 diem

117 5195 347 5253 Christianorum
371 5196 451 5255 nulls
465 5197 637 5256 conluuione
653 5200 792 5270 luscavit;
808 5206 836 5258 et
853 5203 970 5276 quando

117 5299 233 5339 carnem
258 5287 390 5343 occidere
415 5287 519 5358 potuit,
544 5285 630 5345 iudam
656 5289 806 5347 tenebrare
831 5307 890 5350 uon
916 5308 970 5365 po-

117 5369 184 5427 tuit.
260 5382 264 5389 ·

377 5466 589 5527 reseratus
613 5469 707 5528 xciv.

116 5560 153 5617 lle
165 5572 196 5616 co
210 5557 283 5629 quod
296 5560 360 5616 dimi
375 5562 460 5633 lesus,
473 5569 536 5622 Hac
550 5571 649 5627 eutem
660 5569 743 5628 vobis
758 5570 795 5627 alr
811 5570 895 5629 initio
911 5588 968 5629 uon

1029 3940 1886 4013 testimoniumperhibereut;nequescandalizarenturcum

1029 4030 1141 4089 inimici
1150 4031 1166 4088 J
1170 4030 1244 4087 udei
1255 4030 1365 4104 absque
1376 4028 1533 4104 synagogis
1544 4030 1673 4090 iacerent
1683 4049 1745 4105 sos,
1756 4039 1786 4093 et
1798 4036 1887 4095 inter·

1030 4123 1150 4180 iacerent
1177 4120 1354 4179 arbitrantes
1382 4120 1557 4193 obsequium
1582 4137 1614 4179 se
1637 4128 1778 4195 prestare
1803 4127 1885 4186 Deo:

1030 4210 1167 4285 quonium
1186 4209 1313 4268 charitas
1333 4209 1433 4267 omnia
1451 4210 1556 4268 tolerat
1569 4211 1593 4284 (l
1610 4211 1671 4271 Cor.
1687 4230 1750 4285 xru,
1763 4216 1805 4287 7),
1820 4233 1885 4292 quae

1029 4301 1221 4361 diffundenda
1230 4306 1293 4359 erat
1304 4300 1333 4358 in
1345 4301 1483 4359 cordibus
1493 4316 1596 4361 eorum
1611 4319 1663 4376 per
1676 4304 1806 4379 Spiritus
1818 4325 1890 4367 san·

1027 4397 1065 4452 cti
1084 4394 1195 4451 donum
1210 4394 1298 4463 (ltom.
1314 4408 1342 4460 v,
1356 4391 1395 4466 5).
1410 4390 1484 4449 illuc
1502 4407 1571 4466 ergo
1595 4393 1650 4450 iste
1669 4397 1748 4453 totus
1765 4397 1887 4457 ducitur

1025 4499 1143 4553 seusus,
1158 4482 1228 4556 quia
1242 4482 1373 4539 tacturus
1387 4496 1437 4538 sos
1451 4485 1513 4539 erat
1533 4486 1677 4557 martyres
1697 4501 1777 4558 suos,
1793 4486 1824 4544 id
1839 4494 1887 4547 est

1025 4578 1116 4633 testes
1130 4589 1201 4630 suos
1217 4587 1268 4646 per
1283 4571 1428 4645 Spiritum
1441 4576 1595 4642 sanctum,
1609 4580 1639 4631 ut
1655 4573 1705 4634 illo
1721 4576 1888 4654 ineisope·

1025 4671 1120 4738 rante,
1134 4664 1368 4740 persecutionum
1385 4681 1579 4739 quascumque
1594 4683 1697 4739 aspera
1712 4669 1883 4742 tolerarent,

1025 4775 1078 4817 noc
1098 4757 1287 4828 frigescerent
1312 4754 1487 4813 acharilate
1507 4756 1699 4828 predicandi,
1715 4758 1765 4818 illo
1784 4760 1886 4823 divino

1024 4849 1093 4923 igne
1106 4846 1250 4907 succensi.
1266 4846 1330 4904 llaec
1342 4861 1421 4918 argo,
1437 4845 1542 4916 inquit,
1553 4847 1661 4905 locutus
1675 4865 1737 4907 sum
1752 4853 1838 4916 uobis.
1851 4862 1884 4911 at

1016 4938 1200 4997 'cumvenerit
1212 4938 1279 4993 horo
1289 4935 1624 5006 commemoremini
1632 4939 1700 5009 quic
1709 4941 1830 5012 epodisi
1839 4960 1886 5002 uo·

1026 5028 1067 5088 bis
1090 5029 1179 5099 (ioan.
1196 5042 1253 5094 avt,
1268 5025 1307 5099 l).
1329 5023 1396 5081 lieo
1420 5023 1533 5083 scilicet
1553 5024 1670 5086 locutus
1693 5044 1760 5086 sum
1785 5033 1883 5107 vobis,

1025 5135 1084 5177 nou
1099 5121 1212 5176 tuntum
1225 5115 1296 5190 quia
1307 5114 1422 5187 passuri
1437 5115 1508 5173 estis
1521 5114 1594 5185 ists;
1606 5117 1656 5175 sed
1669 5118 1817 5201 quiscum
1836 5139 1885 5182 ιε.

1025 5209 1100 5268 ιιειίι
1120 5205 1283 5282 paracletus
1304 5204 1363 5274 iile,
1378 5205 1576 5264 testimonium
1592 5206 1755 5277 perhibebit
1769 5210 1807 5269 de
1821 5229 1881 5286 me,

1025 5315 1062 5358 ne
1077 5298 1134 5357 ista
1147 5295 1279 5357 timendo
1293 5294 1425 5366 taceatis,
1436 5295 1516 5352 uude
1529 5295 1580 5353 det
1600 5300 1633 5355 ut
1647 5297 1735 5357 etiam
1753 5316 1807 5359 vos
1821 5306 1885 5363 tea·

1024 5389 1180 5449 timonium
1203 5385 1392 5461 perhibeatis.
1419 5386 1485 5445 llaec
1512 5389 1605 5444 erdem
1627 5388 1703 5447 uobis
1733 5389 1770 5447 ab
1798 5390 1884 5456 initio

1024 5478 1164 5545 cundici,
1190 5473 1257 5549 quic
1286 5473 1425 5533 cadmum
1446 5490 1534 5544 cram,
1563 5478 1592 5531 ot
1614 5490 1668 5549 ege
1692 5492 1745 5537 ros
1773 5494 1883 5543 causo·

1023 5568 1105 5626 labar
1129 5581 1195 5623 mea
1224 5563 1366 5638 corporali
1392 5563 1558 5638 presentia,
1574 5564 1709 5625 exhibita
1734 5566 1880 5633 humanis
