3952 6150
115 143 186 202 238¹!
632 140 866 212 QUAESTIONES
887 139 933 197 EX
953 136 1122 208 dracoue
1140 136 1287 195 uixerit.
1759 132 1828 193 2388

115 273 223 325 Proesto
242 271 286 325 esi
299 266 459 339 Scriptura,
489 268 520 324 in
545 280 607 342 qua
635 268 763 336 legimus
791 264 937 321 Christum
993 263 1077 321 libris
1090 261 1196 319 vestris
1211 259 1354 333 scriptum
1377 256 1506 326 habetis,
1528 256 1684 339 utaluua
1703 272 1825 330 suscep

116 340 276 396 Dominum
305 346 439 395 nostrum
455 339 603 397 dicentem
616 339 737 402 tnrlaeis,
751 337 786 392 Si
798 335 940 391 crederetis
992 341 1029 391 trs
1044 333 1154 391 animae
1166 337 1341 389 etexenntcs
1350 330 1388 387 de
1401 330 1576 413 corporibus
1587 328 1642 411 soli
1654 328 1826 399 tradantur,

114 412 210 483 Moysi,
237 409 381 466 ιιιιιινειιί
409 412 529 484 forsitan
560 418 585 466 et
617 410 688 465 mitri
711 428 718 475 3
746 412 810 480 qaia
837 407 868 462 otc
900 424 940 462 rnc
992 422 1083 479 quem
1099 404 1193 461 Deum
1208 407 1376 461 vestrarum
1392 405 1533 483 ‘asseritis
1546 416 1737 457 animarum.
1754 403 1826 458 Nam

114 481 228 553 scripsit
241 482 343 553 Mogses
360 482 449 552 (loon.
469 500 496 548 v,
510 482 566 553 46).
591 480 663 550 Quis
681 482 752 536 hnic
774 477 939 536 concordias
993 476 1140 550 gaudetis,
1157 492 1227 531 cum
1247 474 1400 532 llanichoer
1418 473 1578 555 vocamini.
1594 471 1652 554 Res
1667 472 1728 528 hoc
1749 474 1827 530 enim

117 554 208 610 tidem
233 552 382 623 deneget?
397 554 465 624 quis
486 554 596 608 audeat
619 554 726 618 dicere,
747 550 828 624 quod
846 566 940 605 unum
994 564 1105 604 nomeu
1118 546 1323 603 liberationem
1340 550 1470 601 vestram
1483 542 1627 616 flagitatis
1646 560 1654 600 ε
1671 543 1757 616 quod
1774 544 1827 601 uti·

116 632 160 681 est
174 624 270 680 disere
1016 634 1052 676 ue
1066 617 1227 683 nesciretis,
1238 615 1296 673 nisi
1305 617 1366 673 uati
1379 616 1493 672 essetis.
1507 618 1566 671 lon
1590 616 1724 688 sitaque
1736 630 1829 689 appa·

295 623 363 679 are?
377 624 445 695 quis
458 628 519 679 tarn
536 624 622 680 malas
632 626 738 679 nrerrtis
751 629 804 687 est,
819 628 849 677 ut
863 620 940 676 indi·

116 696 241 751 viduam
255 640 429 750 siccitatem
444 695 605 751 contendat
619 694 711 750 videri
733 693 941 773 inimicitiam?
993 635 1037 772 iet
1050 707 1103 772 per
1115 689 1299 771 hypocrisim
1312 703 1367 743 vos
1378 687 1499 762 nuptias
1508 631 1728 771 condemnare.
1741 687 1830 770 Sanc·

117 765 496 823 Eccehahesetverborum
511 767 689 832 testimonia,
701 764 942 836 elexemplavrr-
995 766 1246 818 trmouramenrm
1272 757 1455 832 prolitentes,
1470 757 1598 840 latenter
1623 758 1827 839 immunditia

118 835 941 908 tutum,qrrreanimumtuurnsubjngentveritati,uluon
995 833 1119 889 studetis
1130 849 1137 895 ;
1148 831 1231 904 quod
1247 845 1306 887 non
1323 829 1828 902 solumprivatumsedettamedrc·

117 908 198 965 aliud
215 911 299 977 putes
316 922 420 963 verum
432 923 525 980 quam
540 909 622 981 quod
638 908 772 964 Ecclesia
787 905 942 963 catholicas
996 905 1032 960 tis
1042 900 1828 976 proditumestimperatorum.Audiuuncmatbolieo,

118 978 271 1034 continent
283 976 361 1035 libri.
377 979 524 1044 Quoniam
539 981 628 1050 igitur
639 979 800 1052 probatum
812 984 943 1033 estcum·
996 981 1025 1031 et
1040 991 1076 1031 ex
1088 971 1829 1172 Em{imisecriimprriiigirssirisoi‘gtiiimiii

116 1049 187 1105 dem
215 1051 308 1104 licum
323 1048 415 1106 luisse
429 1050 459 1106 in
474 1052 569 1107 Veteri
581 1054 779 1118 Testamento,
796 1049 847 1121 qui
863 1063 943 1103 nunc
994 1051 1068 1104 tem.
1083 1045 1159 1101 Cum

118 1127 218 1176 noster
231 1126 285 1188 est,
301 1126 329 1176 et
343 1120 424 1177 hunc
438 1121 537 1177 multis
552 1124 693 1179 virtutum
708 1121 824 1176 indiciis
839 1136 943 1175 verum
998 1115 1262 1183 saeoolo,sufflcere
1273 1115 1448 1198 sibiputaus
1481 1114 1606 1196 rectoris
1618 1115 1687 1171 sine
1697 1115 1829 1197 mysterii

118 1206 193 1256 csse,
207 1191 237 1246 in
252 1195 368 1247 tantum
386 1192 450 1263 ejus
466 1193 627 1249 auctoritas
648 1192 734 1249 dehet
768 1190 888 1254 raelerri,
914 1196 945 1245 ut
998 1189 1062 1261 ejus
1077 1188 1246 1261 cognitione
1261 1188 1408 1248 notitiam.
1416 1202 1476 1243 uon
1486 1200 1672 1258 permissum
1682 1191 1730 1241 est
1741 1202 1829 1241 ιιιιιιι

118 1261 249 1318 etiamid
261 1262 342 1334 quod
356 1279 511 1335 asperum,
525 1270 553 1319 ct
564 1263 638 1320 lorte
652 1210 814 1320 aesuriem
829 1260 945 1319 anobis
998 1260 1215 1316 incrementum
1228 1259 1338 1315 laceret
1348 1258 1378 1315 in
1391 1258 1442 1314 liei
1452 1257 1656 1339 perceptione,
1664 1261 1698 1314 ut
1708 1256 1830 1330 plenam

118 1335 291 1398 estimatur,
300 1340 424 1406 accepto
432 1334 945 1405 terridebeat,ctalitersentiriqoam
998 1331 1122 1388 haberet
1137 1326 1207 1386 lidei
1220 1346 1282 1385 suas
1298 1330 1475 1386 mercedem.
1492 1329 1628 1401 Denique
1645 1333 1757 1385 uatum
1772 1328 1830 1386 Sal·

119 1421 137 1460 a
150 1404 237 1460 nobis
252 1410 384 1476 putatur,
395 1407 419 1461 si
431 1407 479 1462 Dei
490 1407 603 1477 judicio
617 1406 846 1462 commendetur
858 1420 864 1469 ;
875 1405 946 1476 quia
1000 1407 1133 1458 vaterem
1146 1402 1296 1473 accipiens
1309 1401 1339 1456 in
1357 1400 1498 1457 manibus
1511 1398 1668 1456 benedixit
1683 1398 1792 1463 Deum,
1804 1406 1831 1455 et

120 1477 283 1546 magislleo
294 1476 567 1533 crederedebcmus
578 1494 672 1604 Ἱιιιιιιι
682 1477 777 1533 nobis.
787 1475 946 1532 Infirmitas
998 1473 1090 1529 dixit:
1106 1472 1230 1538 Domine,
1245 1486 1317 1528 coac
1327 1471 1450 1554 dimittis
1460 1488 1566 1526 urcem
1581 1478 1672 1553 ιιιιιιιι,
1688 1470 1830 1554 aarum

120 1549 200 1603 euim
217 1553 359 1604 nostrast
372 1548 529 1620 imperitia.
546 1550 585 1604 uti
600 1550 628 1605 ia
642 1548 716 1605 solet
728 1547 863 1619 judicare
878 1563 946 1618 qum
999 1545 1110 1600 nerium
1123 1552 1199 1601 torm
1212 1545 1327 1615 inpone,
1340 1545 1408 1615 surb
1422 1542 1549 1599 eoderunt
1562 1541 1636 1598 oculs
1647 1559 1703 1599 met
1712 1541 1831 1598 solatum

119 1618 225 1674 nociva
240 1623 320 1683 sunt,
334 1624 362 1673 et
375 1619 522 1675 estimare
536 1619 612 1675 falsa
628 1635 682 1691 pro
698 1619 796 1675 veris:
813 1620 895 1690 quod
909 1617 946 1673 de
1000 1623 1075 1672 tunm
1090 1616 1169 1681 (Luc.
1184 1633 1214 1683 ιι,
1237 1616 1282 1681 29,
1298 1618 1354 1685 30).
1367 1608 1522 1671 idauilssle
1547 1619 1708 1670 ostensum
1724 1621 1771 1670 est
1788 1614 1832 1670 ltei

122 1691 180 1745 lieo
197 1690 242 1743 vel
258 1689 402 1760 suspicari
430 1690 513 1746 nelos
529 1696 582 1746 est.
598 1694 661 1747 Non
677 1696 721 1746 est
735 1691 814 1745 enim
829 1694 945 1754 natura,
1000 1686 1179 1743 beneficium
1191 1702 1259 1742 esse
1271 1685 1616 1753 inhomiuisuativitate,
1630 1685 1763 1758 quaudo
1773 1684 1832 1741 viro

120 1775 188 1831 quae
205 1760 299 1830 possit
313 1760 372 1818 ialli
386 1777 393 1816 ε
409 1767 523 1831 qrrauto
538 1761 635 1833 magis
648 1762 685 1817 de
697 1760 846 1831 conjugiis
859 1759 945 1815 duhi-
998 1759 1079 1830 justo
1093 1758 1131 1814 de
1147 1764 1240 1814 morte
1253 1757 1394 1828 cogitanti
1411 1766 1590 1828 responsum
1602 1764 1651 1812 est
1666 1756 1761 1838 'quod
1775 1771 1834 1813 nou

122 1831 176 1886 tari
192 1845 252 1886 non
268 1830 366 1899 debet,
384 1834 443 1887 [teo
457 1832 585 1899 dicente,
601 1832 677 1899 Quod
699 1834 771 1889 Deus
790 1831 945 1902 conjunxit,

120 1900 196 1957 homo
212 1902 404 1974 rsonscporetl
430 1906 477 1959 Est
489 1905 569 1960 euim
583 1920 630 1959 res
645 1910 749 1976 aperta
763 1908 791 1959 et
805 1903 942 1974 simplex.

119 1973 201 2028 Certe
214 1975 313 2029 omnis
329 1974 421 2030 homo
433 1975 543 2101 gaudet
556 1991 625 2031 cum
641 1975 728 2031 luerit
742 1975 790 2031 liei
802 1974 949 2044 dignatio·

120 2059 190 2099 nem
205 2044 342 2116 adeptus,
356 2051 384 2101 et
395 2062 441 2101 me
456 2046 543 2102 ierari
553 2063 583 2102 se
594 2046 768 2103 creditdum
779 2061 948 2102 sacramen·

121 2118 185 2171 tum
203 2116 347 2171 Creatoris
366 2116 504 2186 addiscit,
525 2118 608 2191 quod
625 2118 724 2190 utique
735 2133 793 2173 ιιοιι
807 2131 947 2189 asseque-

119 2193 211 2252 retur,
225 2187 282 2242 nisi
298 2194 395 2243 natus.
406 2188 464 2243 Cur
476 2203 547 2258 ergo
561 2189 767 2261 plangitquod
783 2188 903 2254 gaudet,
919 2193 948 2244 et

119 2257 202 2331 quod
215 2257 359 2327 gloriatur
371 2275 402 2314 se
415 2259 565 2324 didicisse,
593 2259 797 2317 condemnati
813 2260 841 2315 Si
867 2257 947 2314 enim

119 2329 230 2400 gaudet
244 2329 317 2403 quia
331 2329 444 2396 didicit,
461 2346 519 2387 non
534 2337 633 2389 autom
647 2331 809 2393 didicisset,
824 2331 881 2386 nisi
894 2345 948 2385 na-

121 2398 947 2474 tusluisset;sinedubiobouumcstnasci,quialructus

118 2470 292 2538 nativitatis,
308 2472 438 2542 cognitio
453 2480 499 2531 est
513 2475 654 2531 veritatis.
669 2474 697 2530 si
717 2480 816 2531 autem
833 2472 948 2529 malum

119 2548 164 2599 est
176 2543 268 2614 nasci,
279 2558 339 2599 non
356 2545 409 2600 erit
420 2545 501 2600 bona
512 2545 652 2614 cognitio.
669 2546 721 2601 Coi
733 2545 810 2600 enim
826 2545 867 2599 rei
880 2559 948 2615 pro·

119 2613 194 2669 derit
209 2615 350 2685 cognitio,
364 2615 388 2670 si
401 2614 564 2672 damnatur
579 2616 742 2672 nativitas?
757 2616 832 2680 Quia
845 2615 869 2669 si
886 2629 948 2671 uon

119 2683 240 2756 expedit
255 2687 338 2742 nasci
354 2701 408 2742 nec
421 2686 520 2751 debet,
537 2687 626 2742 inane
645 2692 690 2742 est
706 2693 737 2743 ut
748 2687 845 2742 discat
859 2685 948 2742 dam·

119 2756 250 2812 naudus.
266 2756 323 2811 Sed
338 2758 411 2829 qnia
425 2772 515 2813 nemo
531 2761 592 2813 tam
618 2757 711 2814 hebes
735 2761 788 2823 est,
805 2762 836 2812 ut
860 2761 947 2826 neget

118 2826 322 2894 coguitionem
338 2828 388 2882 ltel
411 2827 554 2898 prodesse
569 2827 753 2894 hominibus,
771 2832 800 2884 ct
823 2827 905 2884 bona
920 2833 948 2883 et

117 2896 197 2952 utilis
208 2901 261 2952 est.
279 2900 331 2952 Per
344 2899 441 2968 ipsam
456 2898 536 2955 enim
561 2898 735 2956 melioratur
750 2900 899 2968 nativitas,
916 2904 948 2955 ut

118 2966 274 3024 meliorata
284 2969 421 3025 nativitas
432 2969 499 3041 plus
510 2975 658 3027 mereatur
671 2985 765 3043 quam
779 2970 874 3026 luerat
888 2969 946 3026 col·

118 3037 214 3095 latum
229 3038 301 3095 adm
313 3054 320 3094 :
334 3040 407 3111 quia
421 3040 451 3096 in
466 3040 551 3108 coelo,
568 3056 629 3097 non
641 3042 671 3097 in
686 3048 763 3099 terra
777 3041 947 3112 regnabunt

119 3108 282 3175 credentes,
294 3110 322 3166 iu
333 3111 472 3182 paradiso
483 3113 532 3168 liei
546 3112 652 3184 Patris,
665 3128 726 3170 uon
736 3114 766 3168 in
776 3129 837 3185 quo
851 3113 945 3169 Adam

119 3180 313 3252 corporaliter
321 3182 429 3253 jussus
442 3182 539 3239 iuerat
548 3184 677 3267 operari.
692 3188 767 3241 Nam
776 3186 799 3239 si
814 3184 947 3240 encenia

119 3250 657 3326 celebrabanturJerosolymis,idest,
668 3255 864 3311 dedicationis
875 3262 945 3311 tem·

119 3322 161 3450 Eli
188 3323 238 3380 liei
254 3323 400 3393 agebatur
428 3325 587 3395 lestivitas;
603 3332 716 3399 quanto
733 3327 830 3400 magis
854 3327 947 3397 ipsius

141 3395 250 3451 ominis
269 3395 468 3453 celebrandus
485 3396 590 3454 natalis
616 3399 737 3471 estqui
766 3396 861 3467 magis
876 3403 948 3454 iem·

120 3465 205 3536 plum
220 3467 269 3522 Dei
285 3472 348 3533 est;
366 3468 455 3538 eujus
470 3470 572 3532 etiam,
588 3468 626 3525 ad
640 3469 790 3539 agendum
808 3471 866 3525 [teo
881 3484 948 3538 gru·

120 3537 186 3603 tias,
199 3538 339 3594 manibus
355 3538 499 3610 templum
513 3546 556 3597 est
578 3540 768 3596 fabricatum.
785 3540 886 3596 Melius
901 3545 947 3595 est

121 3608 200 3664 enim
210 3609 365 3681 templum,
378 3626 486 3683 corpus
501 3616 653 3668 nostrum:
668 3613 740 3685 quia
750 3611 807 3667 hoc
820 3611 869 3667 Dei
878 3628 948 3683 ope·

123 3695 164 3745 re,
180 3679 254 3735 illud
268 3696 339 3737 vero
358 3681 492 3738 humano
506 3681 609 3739 labore
623 3687 825 3739 constructum
838 3689 882 3738 cst
896 3701 903 3749 ς
920 3687 948 3738 ct

1001 1836 1069 1886 ante
1085 1836 1259 1896 moreretur,
1276 1844 1368 1902 quam
1385 1827 1534 1884 Christum
1546 1826 1674 1885 llomiur
1690 1827 1831 1885 vidisset:

1001 1901 1031 1956 in
1049 1905 1165 1957 tantum
1177 1901 1258 1956 enim
1268 1898 1446 1982 proficiebat
1460 1899 1490 1955 in
1503 1899 1573 1969 vita,
1585 1898 1747 1969 utdignus
1756 1897 1835 1955 fieret

1001 1969 1834 2044 etiaminproeserrtrviderequemlibsratorstasperabat

1001 2049 1070 2115 post
1085 2049 1222 2100 mortem.
1239 2043 1294 2109 Qui
1309 2056 1381 2113 ergo
1394 2045 1563 2098 reservatus
1579 2041 1611 2097 in
1623 2041 1688 2098 vita
1698 2050 1764 2097 nou
1775 2056 1834 2115 per·

1001 2115 1112 2170 missus
1127 2119 1174 2169 est
1188 2114 1275 2185 mori,
1290 2114 1347 2169 nisi
1359 2114 1423 2185 spei
1437 2129 1499 2169 sum
1508 2110 1643 2169 tructam
1653 2112 1791 2179 vidisset,
1801 2117 1834 2169 ιιι

1001 2202 1124 2242 securus
1137 2190 1215 2241 esset
1249 2185 1299 2241 uia
1310 2184 1348 2241 de
1362 2185 1424 2240 vita
1437 2184 1476 2242 ad
1491 2184 1582 2241 sitam
1591 2184 1755 2251 transiret;
1766 2200 1833 2256 quo

1002 2256 1093 2313 modo
1108 2262 1203 2328 potest
1225 2202 1285 2313 iiior
1300 2271 1361 2313 non
1373 2256 1444 2313 huic
1456 2253 1606 2328 proluisse
1623 2254 1771 2313 nativitas
1782 2255 1796 2310 ι
1807 2255 1832 2313 si

1001 2328 1080 2383 eninr
1108 2327 1223 2384 malum
1238 2334 1281 2384 est
1302 2327 1383 2399 quod
1398 2326 1562 2395 nascimur,
1583 2341 1649 2383 non
1675 2325 1832 2399 paradisus

1001 2399 1230 2472 promitteretur,
1248 2414 1308 2456 non
1321 2399 1382 2455 vita
1395 2403 1518 2463 osterna,
1527 2412 1588 2455 nou
1604 2412 1742 2469 regnum
1753 2396 1831 2455 corlo-

1000 2487 1079 2536 rum,
1095 2470 1147 2526 sed
1163 2485 1253 2542 poena
1265 2476 1294 2527 ct
1304 2469 1451 2552 gehenna
1461 2468 1602 2542 perditio.
1616 2473 1653 2526 ut
1666 2468 1786 2526 timeret
1796 2468 1833 2525 al·

1001 2539 1830 2614 tcrumgenerare,quisesciretnatumadperditionem

1002 2618 1034 2670 ut
1047 2613 1094 2668 ille
1107 2613 1159 2686 qui
1173 2628 1204 2669 se
1212 2612 1310 2669 illicite
1318 2617 1423 2669 natum
1435 2613 1531 2678 sciret,
1543 2625 1606 2669 non
1618 2610 1779 2669 affectaret
1789 2626 1831 2681 ga·

1001 2682 1686 2755 narare.Sedrortedicaturzaegnumquidcm
1694 2682 1831 2740 emiorum

1001 2753 1833 2899 roraratsclarimarisce-tr.

1000 2899 1147 2965 natisoni,
1155 2897 1286 2971 sedquia
1298 2896 1376 2953 male
1384 2896 1640 2955 conversatisuut.
1648 2867 1831 2971 Nequeeuirn

1000 2984 1062 3026 non
1077 2970 1155 3025 natis
1171 2968 1354 3042 promissum
1370 2974 1414 3025 est
1427 2984 1554 3041 regnum
1569 2968 1735 3039 calorum,
1751 2973 1832 3025 utna·

1003 3040 1108 3097 tivitati
1118 3041 1275 3112 imputent,
1292 3040 1403 3113 quibus
1419 3055 1480 3097 nen
1492 3040 1617 3097 dabitur
1629 3057 1638 3097 ι
1650 3039 1832 3114 promissum

1000 3116 1045 3169 est
1058 3118 1159 3169 autem
1172 3111 1249 3168 natis
1264 3111 1338 3168 bene
1353 3110 1519 3183 agentibus,
1533 3116 1566 3168 ut
1579 3126 1684 3184 neque
1697 3110 1832 3170 nativitas

1000 3185 1093 3256 prosit
1108 3182 1185 3240 male
1198 3182 1526 3257 agentinequsobesse
1537 3182 1831 3256 possitbeneagenti.

1000 3261 1023 3310 Α
1038 3254 1176 3311 fidelibus
1190 3254 1270 3311 enim
1285 3259 1313 3311 ct
1327 3255 1403 3312 bene
1418 3253 1579 3324 agentibus
1596 3252 1833 3312 melioraturus·

1000 3325 1119 3382 tivitas:
1136 3325 1176 3383 ab
1186 3325 1357 3383 infidelibus
1370 3331 1470 3383 autem
1483 3330 1511 3382 et
1523 3324 1603 3382 male
1616 3325 1833 3409 agentibusde

1000 3399 1168 3454 teriorator.
1185 3397 1230 3454 Sic
1241 3396 1323 3453 enim
1338 3403 1382 3454 ιιι
1396 3394 1545 3462 nativitas,
1556 3412 1651 3469 quast
1664 3396 1759 3455 arbor
1770 3412 1830 3469 que

1000 3468 1232 3540 inseriturtquia
1247 3469 1271 3524 si
1281 3468 1362 3525 bono
1376 3470 1497 3525 surculo
1511 3467 1668 3536 inseritur,
1676 3467 1832 3526 meliorliet

1001 3545 1029 3595 et
1042 3540 1122 3596 bona
1135 3539 1249 3595 dicetur
1260 3539 1301 3606 ,si
1311 3554 1379 3596 vero
1389 3538 1470 3596 malo
1481 3539 1603 3597 surculo
1613 3538 1778 3604 inseratur,
1788 3538 1832 3595 de·

1001 3611 1089 3666 terior
1103 3611 1167 3679 erit,
1182 3617 1210 3667 et
1224 3625 1285 3666 non
1299 3610 1391 3677 bona,
1405 3611 1458 3667 sed
1471 3610 1552 3668 mala
1567 3610 1741 3669 vocabitur.
1754 3612 1794 3667 lta
1804 3614 1831 3665 et

1000 3681 1145 3738 nativitati
1157 3680 1272 3738 sibene
1284 3680 1558 3749 aecedaldoctrina,
1569 3680 1830 3741 bonosiacietiru·

122 3749 179 3806 hoc
194 3752 252 3806 suh
274 3767 327 3822 spe
346 3754 516 3809 aeternitatis
532 3758 585 3819 cst,
602 3752 675 3810 illud
691 3754 875 3826 perditionis.
892 3756 946 3809 ita·
1001 3760 1084 3818 ctus,
1102 3752 1126 3808 si
1141 3758 1242 3809 autem
1259 3752 1348 3818 mala,
1366 3754 1461 3809 malos
1484 3752 1571 3810 iaciat
1586 3752 1721 3811 tructus.
1737 3754 1830 3835 ltaque

122 3836 181 3902 que
191 3822 242 3892 qui
261 3824 319 3877 [teo
334 3822 504 3880 instituente
518 3832 621 3881 natum
643 3841 675 3882 se
691 3826 781 3890 novit,
799 3830 831 3881 ut
843 3825 868 3881 ei
881 3840 947 3896 gra·
1001 3824 1076 3880 sicnt
1091 3823 1260 3880 necessaria
1272 3830 1316 3881 ost
1330 3824 1428 3889 arbor,
1442 3828 1474 3880 ut
1488 3824 1527 3881 sit
1541 3823 1593 3880 ubi
1608 3825 1831 3892 inseratur31ta

123 3895 179 3971 tras
193 3897 272 3971 ngat,
282 3894 434 3961 cognitum
450 3895 565 3951 habens
582 3898 757 3969 mysterium
769 3897 845 3967 ejus,
859 3896 948 3952 debet
1000 3898 1089 3952 otiam
1102 3897 1270 3951 necessaria
1279 3900 1323 3951 est
1336 3894 1484 3962 nativitas,
1494 3899 1527 3951 ut
1538 3895 1577 3952 sit
1586 3895 1641 3952 ubi
1649 3896 1829 3969 proficiatur.

124 3977 154 4042 m
167 3962 261 4043 ¹natali
277 3979 333 4018 suo
348 3966 492 4031 gaudere,
508 3967 613 4022 videns
629 3967 795 4039 proiectum
818 3984 882 4024 esse
896 3983 948 4023 na·
1000 3966 1058 4023 Sed
1072 3967 1293 4038 respondetote
1307 3967 1461 4023 contra28l
1474 3965 1555 4023 utilis
1565 3971 1612 4023 cst
1624 3968 1831 4033 nativitas,cur

122 4036 243 4113 trvrlatrs
259 4049 332 4090 sure.
346 4036 420 4090 Vere
433 4043 533 4094 autem
545 4037 584 4093 illi
600 4040 683 4094 nasci
695 4055 756 4094 non
767 4038 945 4106 debuerunt,
1000 4036 1206 4094 renascimur?
1220 4041 1282 4094 Non
1297 4037 1589 4095 renasceremurnisi
1601 4039 1684 4096 utilis
1694 4045 1774 4097 esset
1784 4052 1829 4093 aa·

121 4118 173 4184 qur
200 4105 366 4161 Creatorem
392 4123 481 4162 sunni
496 4108 706 4181 relinquentes.
735 4108 863 4179 gloriam
881 4112 946 4181 ejus
999 4109 1109 4166 tivitas.
1126 4110 1251 4165 Retrosci
1265 4110 1345 4165 enim
1359 4110 1498 4166 renovari
1507 4114 1562 4176 est,
1575 4114 1606 4165 et
1618 4111 1674 4183 qui
1686 4124 1829 4169 renovan-

121 4173 186 4231 alris
205 4175 368 4247 deputant:
385 4177 490 4233 horum
507 4180 587 4235 enim
614 4180 753 4237 nativitas
768 4181 884 4251 prolicit
907 4180 947 4237 ad
1001 4185 1059 4244 tur,
1074 4181 1290 4236 instaurantur.
1307 4182 1371 4236 lton
1389 4196 1461 4252 crgo
1476 4184 1601 4238 accusat
1615 4180 1830 4239 renascibilitas

120 4260 243 4373 penam
257 4263 263 4302 :
277 4249 331 4305 scd
341 4264 402 4306 non
412 4251 552 4307 nativitas
567 4251 678 4307 crimen
688 4251 821 4315 incurrit,
833 4252 886 4307 sed
899 4267 948 4308 vo·
1001 4250 1197 4318 nativitatem,
1207 4251 1257 4307 sed
1266 4249 1828 4324 reformatzetquodreformatur,bens

134 4322 230 4374 ιιιιιιι.
243 4319 300 4375 Sed
311 4321 379 4402 quis
390 4337 422 4377 ss
437 4328 477 4386 tu,
492 4325 543 4394 qni
555 4324 674 4393 nuptias
687 4322 850 4392 prohibes?
864 4326 947 4380 Forte
1001 4323 1040 4380 ab
1054 4323 1137 4379 initio
1152 4323 1319 4378 institutum
1331 4322 1482 4394 probatur.
1496 4322 1591 4394 lgilur
1602 4324 1692 4396 quod
1708 4322 1829 4383 renasci-

120 4389 259 4471 Marcion,
271 4405 343 4462 quta
353 4408 463 4462 corpus
474 4409 534 4449 ιιοιι
548 4394 635 4450 alteo
651 4393 828 4451 fabricatum
846 4400 945 4465 putas,
1001 4393 1211 4459 mur,consilio
1225 4396 1527 4467 mutamur,corporis
1537 4395 1828 4467 expiatiouepercsp·

121 4459 174 4514 sed
184 4460 346 4518 adrabolo:
360 4464 494 4519 animam
506 4464 818 4529 veroerrorerruodam
828 4465 947 4537 lapsum
1002 4470 1042 4531 ta,
1060 4472 1090 4520 ut
1101 4465 1263 4522 reddamur
1274 4464 1312 4521 ad
1324 4465 1485 4536 pristinum
1498 4469 1613 4521 statum
1625 4468 1713 4525 Adae.
1724 4468 1828 4525 amna

120 4544 253 4601 passam,
269 4537 300 4588 ut
312 4533 350 4589 ad
365 4535 554 4590 tenebrarum
571 4542 688 4662 partes,
702 4536 854 4609 inquibus
867 4552 948 4593 nunc
1001 4543 1102 4593 autem
1114 4535 1425 4607 peccatomaculatum
1436 4543 1687 4611 estcorpus,quo
1698 4544 1827 4611 reparato

122 4601 253 4682 mundns
264 4605 447 4672 cst,veniret,
460 4610 568 4662 conten
592 4607 624 4662 is
636 4608 793 4674 Quomodo
803 4622 948 4678 ergopos·
1001 4613 1029 4665 ct
1043 4607 1196 4664 meliorato
1211 4623 1264 4680 per
1278 4606 1379 4675 fidem,
1395 4607 1523 4665 consilio
1545 4606 1700 4667 abluitur:
1718 4616 1751 4667 ut
1761 4610 1827 4665 sicut

120 4674 166 4753 set¹
178 4671 248 4728 hmc
260 4672 389 4741 liberari,
405 4676 431 4733 si
448 4677 655 4748 prohiberetur
670 4679 805 4751 generari
821 4679 834 4734 ‘l
853 4680 947 4735 Natus
1001 4694 1055 4750 per
1069 4684 1273 4749 contemptum
1289 4677 1339 4735 lici
1350 4679 1447 4736 iuerat
1461 4678 1625 4752 pollutum,
1640 4681 1684 4738 ita
1699 4697 1753 4754 per
1766 4680 1826 4737 aba·

120 4756 200 4797 enim
209 4747 709 4813 cognovisticasumtunm,etdata
720 4765 812 4820 opera
821 4750 851 4806 id
860 4750 946 4818 egisti
1001 4750 1145 4805 disntiam
1160 4749 1309 4815 abluatur,
1335 4755 1367 4807 ιιι
1389 4749 1513 4821 effugiat
1534 4751 1721 4809 sententiam
1735 4754 1826 4809 datam

120 4818 152 4869 ut
165 4818 357 4899 remearesad
367 4819 512 4889 patriam¹
526 4821 640 4885 sedem,
654 4820 786 4877 redditus
797 4821 867 4877 sorti
880 4827 945 4878 tuse.
1000 4821 1082 4886 Adra,
1098 4825 1126 4876 et
1139 4821 1234 4890 possit
1244 4836 1405 4891 resurgere.
1419 4824 1520 4904 ltaque
1532 4820 1559 4877 si
1572 4821 1616 4879 ab
1628 4823 1736 4882 anima
1749 4822 1825 4894 coepil

119 4884 946 4969 DeniqucgratrasageretedioisChristo,perqucmhunc
1001 4899 1169 4965 peccatum,
1181 4907 1234 4948 our
1248 4899 1356 4950 natura
1365 4907 1499 4964 corporis
1508 4898 1692 4951 accusatur¹
1704 4914 1713 4963 ;
1725 4912 1790 4952 cunr
1799 4893 1823 4949 in

118 4964 317 5027 coguitionem
332 4968 503 5018 assecutum
519 4968 545 5018 te
558 4960 727 5032 gratularis.
743 4964 803 5031 llge
828 4979 908 5032 vero,
922 4964 945 5019 si
1001 4978 1093 5019 causa
1105 4963 1295 5035 peccatihdte
1306 4962 1657 5022 nonlueritdesidcrium
1668 4964 1822 5039 corporale.

117 5033 205 5110 natus
219 5045 379 5097 necesses,
390 5040 518 5089 cessaret
528 5033 669 5103 cognitio,
682 5049 736 5089 nec
750 5049 946 5117 prosequere-
1000 5035 1053 5090 sed
1068 5050 1120 5106 spe
1135 5033 1254 5090 deitatis
1270 5034 1366 5091 illecta
1388 5036 1491 5092 anima
1512 5040 1709 5107 transgressa
1735 5040 1770 5094 sit
1783 5032 1821 5090 liti

116 5099 430 5183 turlrbsratio.liaqus
441 5104 865 5173 sigaudesanimamliberarr,
879 5106 945 5163 iave
1000 5110 1193 5179 preceptum,
1220 5110 1251 5162 nt
1266 5121 1373 5177 corpus
1390 5122 1481 5164 suum
1504 5106 1686 5180 subjugaret
1702 5113 1820 5183 peccata

115 5173 282 5252 nativitati:
300 5189 371 5229 ιιιιιι
397 5175 421 5230 si
444 5176 588 5232 nativitati
612 5177 734 5244 resistis,
761 5176 900 5234 inimicus
913 5193 945 5233 es
999 5177 1439 5235 otnascerenturhominessub
1452 5178 1700 5251 peccatoiouod
1713 5179 1820 5253 quidm

114 5255 295 5299 ammarum.
307 5247 362 5301 Aut
377 5246 400 5301 si
416 5247 592 5304 llaoichoeus
603 5265 643 5311 es,
660 5249 711 5319 qui
727 5250 846 5319 nuptias
856 5248 944 5321 quasi
998 5247 1073 5304 nihil
1090 5248 1176 5305 obest
1187 5248 1314 5319 homini,
1330 5250 1354 5306 si
1367 5255 1466 5307 tamen
1481 5249 1540 5320 legi
1556 5249 1610 5307 liei
1624 5251 1759 5315 obediat,
1773 5246 1818 5306 nisi

114 5315 279 5392 contrarias
294 5316 404 5384 renuis,
427 5325 612 5390 sistemate,
636 5320 660 5375 si
676 5334 803 5392 corpora
819 5319 942 5377 minime
997 5319 1081 5390 quod
1109 5320 1234 5377 moritur
1248 5336 1255 5374 :
1271 5321 1318 5377 cui
1332 5321 1374 5377 rei
1390 5320 1601 5379 benevolentia
1629 5322 1682 5379 Dei
1697 5318 1819 5397 promisit

113 5393 316 5453 gignerentur,
326 5388 481 5459 utromodo
494 5389 598 5446 anima
608 5389 688 5458 hinc,
721 5407 789 5445 unm
805 5390 941 5448 ltrsnrnin
998 5389 1817 5464 mercedem,utquouiamiuCreatorisdevotionelidslat

114 5455 301 5514 tenebrarum
312 5463 427 5531 partem
443 5464 472 5515 ct
487 5460 648 5518 haerculcm
665 5406 772 5588 hf‘iicis
787 5461 877 5519 rebus
892 5479 941 5519 as·
997 5462 1200 5531 inveniuntur,
1215 5479 1268 5534 per
1282 5463 1560 5536 prevaricationem
1569 5470 1678 5524 auteur
1689 5466 1817 5524 arceor

112 5525 196 5593 seris,
213 5529 400 5601 eriperetur?
421 5533 577 5589 Nasccndo
591 5533 672 5590 enim
699 5533 806 5591 iberari
818 5550 887 5591 cam
910 5534 941 5590 in
1027 5559 1292 5617 ig„001g0,15nu,‚
1309 5565 1380 5613 um,

1025 5625 1036 5657 ¹
1052 5622 1094 5673 Sic
1105 5622 1153 5673 tls.
1171 5623 1350 5676 colbertinus.
1368 5625 1402 5674 et
1414 5622 1478 5675 edltl
1490 5637 1497 5675 ι
1510 5638 1558 5677 ess·
1568 5638 1627 5678 ιιοιι
1640 5629 1775 5693 dmm
1786 5636 1814 5675 ss·

144 5676 152 5709 ¹
166 5674 219 5730 lle.
237 5677 415 5741 colbertinus,
428 5682 566 5746 patrissat.
996 5684 1127 5737 casaturi
