3952 6150
94 237 177 299 1485
705 230 940 297 TRAOTATUS
960 234 1029 298 xlt.
1050 233 1180 301 csPtJ‘t
1199 239 1250 301 lll.

93 374 206 432 ancilla
224 373 451 441 exheredatum,
476 375 577 430 natum
598 371 634 429 ds
657 370 749 427 libera
777 370 921 430 heredem
940 386 949 429 r
1005 371 1062 429 tom
1075 383 1101 432 ιι
1114 376 1207 446 filiam
1222 378 1281 450 ejas
1300 399 1311 447 ;
1331 396 1386 437 noa
1400 384 1475 440 sirim
1489 384 1574 443 beree
1594 391 1647 445 orit
1660 391 1735 462 filias
1748 396 1857 453 ancillas

89 483 210 524 rursum
234 466 402 525 invenimus
431 468 533 523 natum
552 463 589 522 de
612 462 703 521 libera
721 463 947 536 exheredatum,
1004 476 1066 519 cam
1080 464 1139 536 filio
1151 482 1211 525 mec
1224 467 1309 525 Isaac
1324 470 1399 542 idea.
1415 489 1474 543 xm,
1489 474 1517 544 9,
1540 476 1593 551 lo).
1611 478 1675 538 Nou
1689 497 1757 554 ergo
1773 483 1855 541 illum

88 561 197 615 nutum
213 558 250 615 de
264 557 370 616 ancilla
385 556 539 613 heredem.
555 553 647 612 Natus
661 554 697 611 de
708 552 814 611 ancilla
828 552 948 611 exhere-
1001 555 1116 613 viscera
1138 556 1250 615 ancille
1275 560 1422 633 eiecerunt
1445 563 1534 637 loras,
1555 568 1606 627 sed
1620 570 1716 628 cervix
1730 574 1855 635 servilia.

88 648 181 704 ,mm
203 647 310 705 kmi
332 646 411 720 (pm,
435 661 493 714 m,
520 645 576 715 ιο),
602 651 687 702 natus
702 644 739 701 ds
752 643 843 701 libera
855 643 948 703 heres
1001 645 1036 701 lit
1051 644 1076 702 ei
1091 645 1166 705 lihsr
1179 650 1325 723 superbus
1336 652 1384 721 sit,
1396 670 1498 715 servus
1513 661 1559 715 eet
1572 663 1601 717 et
1611 661 1688 734 quod
1702 663 1786 736 pejus
1800 671 1855 734 est,

86 739 171 795 lsaao
202 738 253 809 (ld.
271 755 336 808 xxa,
364 738 415 810 5);
449 739 534 793 natus
564 736 600 792 ds
626 733 719 792 lihsra
746 732 948 791 exheredatus
1000 736 1517 820 maledomim,ipsiueauparbtn.
1538 751 1644 824 ltaque,
1668 753 1856 826 iratresmei,

88 827 169 885 Sasu
185 828 237 899 (ld.
253 844 342 889 xxvia,
356 827 413 898 35),
427 826 490 883 nati
505 826 541 882 de
554 823 670 882 ancillis
686 824 814 881 heredes
830 823 884 881 filii
896 822 948 881 ιο·
1003 828 1176 899 respondete
1192 828 1303 888 homini
1316 849 1374 891 non
1387 851 1472 908 posse
1487 828 1590 898 rursus
1600 842 1679 899 nesci
1691 841 1855 913 hominem

86 918 144 974 sah
174 917 229 989 (ld.
257 916 346 991 rurs).
383 916 414 973 ln
448 914 508 971 illis
539 913 638 987 itaque
673 913 768 970 trihus
805 912 945 986 patribus,
1002 919 1175 989 respondete
1188 921 1285 978 securi
1301 939 1358 981 non
1372 941 1458 999 posse
1472 944 1576 988 rursus
1596 932 1676 990 nasci
1693 932 1854 992 hominem.

87 1003 192 1061 omnis
205 1006 296 1062 iuturi
311 1002 412 1078 populi
429 1003 522 1075 figura
532 1006 682 1075 perspecta
696 1005 760 1058 eet:
776 1015 829 1057 nec
843 1000 947 1056 imme·
1000 1002 1149 1079 Quidquid
1166 1009 1327 1081 timemini,
1340 1013 1438 1072 illusio
1453 1020 1516 1087 eet;
1534 1019 1676 1092 quidquid
1693 1021 1800 1080 iterum
1812 1022 1854 1091 lit,

85 1096 145 1150 rito
167 1094 247 1152 Deus
266 1093 374 1167 inquit,
401 1095 456 1164 lipo
479 1108 541 1149 sam
563 1093 632 1149 beas
655 1091 803 1160 Abrabam,
828 1098 854 1147 ιι
876 1086 947 1147 beas
1000 1093 1084 1152 lusus
1098 1101 1154 1153 cst.
1169 1097 1273 1159 ismael
1290 1101 1376 1174 ludit,
1393 1105 1470 1162 ieras
1486 1107 1630 1166 mittatur.
1646 1111 1855 1171 Animadvertit

84 1186 175 1253 isaac,
191 1193 217 1241 ιι
231 1184 302 1241 beas
324 1183 427 1240 Jacob:
449 1181 502 1240 boe
523 1182 605 1250 mibi,
630 1180 738 1254 iuquit,
752 1196 852 1238 nomes
865 1183 905 1236 est
916 1181 946 1236 ia
1000 1181 1077 1240 enim
1093 1200 1142 1242 eos
1156 1186 1226 1246 Sara
1239 1188 1384 1263 ludentes,
1401 1194 1442 1251 ait
1456 1196 1616 1268 Scriptura,
1631 1203 1659 1257 et
1674 1201 1748 1258 dixit
1760 1203 1856 1261 Abra·
1880 1225 1881 1229 ¹

83 1282 226 1332 giemum
241 1273 337 1344 (Secti.
353 1289 396 1340 ιιι,
410 1273 438 1340 6,
456 1272 511 1346 15).
532 1271 625 1344 Magis
646 1270 856 1328 meminerihus
875 1269 946 1343 quid
1001 1273 1054 1344 hae,
1067 1277 1280 1350 Ejiceaaaillacr
1294 1290 1320 1340 et
1329 1282 1426 1356 pilium
1439 1287 1507 1359 elas.
1519 1287 1761 1360 DisplicuitSaroe
1771 1294 1854 1353 lusus

83 1364 270 1437 promissum
285 1362 326 1420 sit
340 1363 395 1435 ipsi
406 1362 544 1420 llbrahe:
562 1360 702 1418 hocenim
713 1361 890 1432 promissum
901 1361 946 1417 est
999 1382 1155 1439 puerorum
1167 1387 1175 1439 ;
1188 1372 1301 1446 aliquid
1317 1390 1422 1437 uorum
1433 1377 1506 1435 vidit
1514 1394 1620 1449 pueros
1629 1379 1739 1439 ludere.
1752 1383 1854 1443 Nonne

1778 256 1857 322 ttae
1950 256 1957 265 '

86 1454 238 1524 isaac,hoc
253 1454 430 1527 promissum
446 1458 491 1510 est
505 1458 534 1508 et
554 1451 656 1509 inach.
668 1451 741 1516 Ouid
758 1450 945 1507 invenimus?

85 1548 118 1603 la
134 1548 241 1604 ιιηιιιιι
264 1551 310 1603 tao
332 1546 526 1603 benedicentur
546 1560 639 1601 estraes
663 1550 756 1617 pentes
778 1541 856 1616 (Gerr.
872 1554 943 1609 nair,

84 1637 144 1710 te).
159 1636 292 1694 Credidit
306 1640 377 1693 tunc
391 1652 469 1692 unus
492 1638 569 1707 quod
592 1635 722 1691 nondum
747 1633 883 1690 videbat:
899 1631 942 1690 ai·

82 1737 158 1792 dent
172 1734 320 1807 homines,
335 1738 564 1792 etexcaeoantur.
576 1733 760 1806 completum
775 1736 822 1789 eet
834 1730 863 1787 in
874 1746 943 1802 gan·

80 1826 167 1882 tibus
187 1826 266 1898 quod
283 1825 462 1897 promissum
473 1824 594 1882 estuni:
610 1826 820 1895 eteeparanlur
835 1836 942 1878 arom·

80 1916 228 1972 munione
242 1914 385 1987 gentium,
402 1915 453 1986 qui
474 1918 502 1971 et
526 1913 603 1986 quod
618 1912 830 1985 ,impletumest
847 1913 942 1967 cidare

79 2006 201 2063 nolunt.
212 2004 267 2061 Sed
282 2003 420 2077 quidillis
436 2004 554 2078 prodest
564 2003 634 2075 quia
648 2002 743 2059 videre
758 2001 885 2059 nolunt?
895 1999 942 2057 Vl·

80 2095 168 2164 deut,
184 2093 273 2151 velint
288 2094 404 2164 nolint;
424 2098 522 2167 aperta
537 2095 645 2151 veritas
666 2096 695 2148 et
710 2095 825 2149 clausos
840 2090 941 2150 oculos

81 2186 162 2242 ierit.

118 2273 149 2329 3.
167 2273 348 2346 Responsum
373 2279 414 2329 est
438 2271 606 2342 Nicodemo,
630 2271 679 2344 qui
702 2287 737 2327 es
757 2271 800 2327 eis
815 2277 874 2327 erat
889 2268 940 2342 qui

78 2363 271 2419 crediderant
283 2363 313 2418 in
327 2362 442 2431 lesum,
463 2365 492 2420 et
510 2361 573 2435 ipse
586 2361 672 2418 bosus
687 2377 744 2418 non
760 2377 791 2417 se
806 2360 941 2418 credebat

76 2452 140 2510 eis.
156 2451 338 2517 Quibusdam
362 2452 441 2510 enim
463 2468 520 2510 non
536 2467 568 2508 ee
590 2452 738 2520 credebat,
752 2466 817 2507 cum
829 2451 892 2521 jam
908 2449 937 2505 in

75 2543 170 2600 illum
181 2543 382 2600 credidissent.
393 2543 440 2600 Sic
450 2543 540 2600 hahes
552 2543 691 2616 seriptum
706 2558 736 2597 :s
753 2541 836 2598 ldnlti
848 2542 940 2598 credi-

77 2633 197 2689 derunt
211 2635 240 2689 in
256 2634 373 2691 nomine
386 2633 463 2705 ejus,
478 2633 611 2690 videntes
625 2633 710 2705 signa
724 2648 788 2704 que
805 2631 938 2688 iaciebat.

78 2727 153 2799 lpse
168 2729 266 2781 autam
280 2724 366 2782 lesus
381 2739 435 2780 noe
445 2722 580 2779 credebat
590 2723 782 2794 semetipsum
794 2721 863 2778 illis.
875 2720 939 2779 Non

79 2815 168 2871 enirn
184 2829 257 2886 opus
270 2812 394 2870 habehat
408 2816 442 2869 ut
456 2812 613 2884 quisquam
631 2809 828 2869 testimonium
844 2810 940 2883 perhi-

75 2906 170 2960 beret
183 2903 220 2960 ds
234 2902 353 2960 homine
366 2919 374 2971 ;
385 2901 448 2972 lpse
461 2900 539 2957 euim
550 2901 661 2959 sciebat
674 2901 744 2973 quid
759 2908 835 2957 esset
850 2901 880 2958 in
892 2900 941 2958 hc-

77 2994 167 3050 mine
182 3013 199 3045 »
213 2994 301 3065 ilcan.
319 3007 350 3065 ιι,
364 2990 474 3064 23·25).
492 2991 562 3048 Ειοο
579 2990 641 3062 jam
665 2990 708 3047 illi
732 2989 888 3047 credebant
909 2990 940 3048 iu

75 3084 204 3152 lesum,
218 3088 249 3140 et
271 3083 335 3154 ipse
355 3080 443 3138 lesus
467 3095 524 3137 non
546 3095 578 3137 ae
591 3079 727 3137 credebat
751 3079 803 3136 eis.
820 3079 940 3143 Ousrel

77 3179 161 3245 Quia
175 3174 306 3232 nondum
332 3174 417 3228 erant
439 3169 531 3227 renati
546 3185 581 3226 ex
594 3185 672 3243 aqua
686 3173 715 3226 et
727 3169 849 3242 Spiritu.
870 3169 941 3228 inda

80 3265 201 3327 hortati
215 3278 327 3328 sumus,
342 3266 372 3319 st
389 3260 540 3318 hortamur
555 3261 660 3317 iratres
675 3264 789 3316 nostros
803 3259 941 3317 catechu-

81 3371 206 3417 menos.
220 3353 252 3410 Si
274 3351 351 3410 enim
376 3350 538 3423 interroges
552 3366 614 3417 eos,
628 3350 688 3423 lam
704 3348 892 3407 crediderunt
911 3349 940 3407 in

78 3451 190 3506 besum
203 3462 210 3502 :
224 3443 275 3501 ssd
287 3440 356 3515 quia
371 3442 500 3499 nondum
516 3456 633 3497 earnem
649 3441 712 3513 ejus
727 3448 752 3497 οι
770 3441 941 3515 sanguinem

75 3538 245 3610 accipiunt,
260 3533 390 3590 nondum
419 3547 451 3589 se
472 3530 531 3587 illie
546 3531 671 3589 credidit
693 3529 789 3588 lesus.
807 3531 883 3597 Ouid
898 3531 942 3590 ie·

75 3631 177 3695 ciant,
193 3629 225 3681 ut
236 3638 267 3680 se
281 3622 341 3679 illis
356 3621 455 3678 credat
469 3618 580 3678 lesus?
598 3619 799 3678 ltsnaecantur
812 3637 847 3678 ex
867 3636 943 3694 aqua

76 3726 110 3779 et
127 3715 253 3792 Spiritu,
269 3713 395 3789 prolerut
411 3709 540 3768 destasia
558 3726 632 3783 quos
652 3711 787 3783 parturit.
802 3710 941 3785 concepti

75 3813 165 3878 sunt,
175 3807 299 3864 edantur
309 3805 338 3861 in
349 3803 443 3861 iucem
455 3817 463 3858 :
475 3801 581 3858 habent
592 3800 681 3859 ubera
691 3801 798 3874 quibus
809 3802 941 3860 nutrian-

78 3909 146 3969 tur,
169 3914 229 3955 uon
254 3895 375 3952 timeant
398 3908 435 3950 ns
459 3889 520 3949 nati
535 3891 723 3964 eniterentur,
741 3893 778 3948 ab
803 3893 942 3950 uberibus

79 3987 227 4048 maternis
242 4002 301 4042 non
315 3982 460 4042 recedant.

125 4080 153 4134 l.
168 4076 273 4134 Nullus
288 4078 382 4149 potest
394 4073 482 4131 hemo
497 4072 589 4130 redire
604 4072 635 4130 in
655 4073 758 4130 matris
775 4073 898 4144 viscera,
913 4078 943 4131 οι

83 4173 197 4228 iterum
213 4166 304 4224 nasci.
320 4163 377 4222 Sed
392 4164 428 4221 de
450 4161 557 4220 ancilla
574 4162 753 4235 nescioquis
769 4166 854 4220 natus
869 4163 942 4220 esti

81 4257 237 4331 Numquid
253 4261 322 4313 tunc
337 4253 389 4327 qui
404 4253 465 4311 nati
480 4252 596 4311 suntde
611 4252 737 4321 ancillis,
754 4251 899 4310 redierunt
910 4253 940 4311 in

86 4357 209 4408 aarum
233 4347 404 4410 liberarum,
426 4347 458 4401 ut
485 4344 580 4400 denuo
603 4343 815 4400 nascerentur?
837 4343 941 4401 Samen

82 4438 235 4498 Abraham
250 4440 279 4493 ιι
293 4435 323 4491 in
339 4431 445 4492 lemasl
460 4450 467 4503 3
483 4440 510 4490 et
524 4435 557 4489 ut
570 4439 667 4505 posset
686 4431 831 4491 Abraham
848 4432 941 4491 iacere

82 4531 182 4589 lilium
197 4530 233 4586 de
246 4526 362 4598 ancilla,
386 4541 457 4582 uxor
477 4528 579 4582 auctor
594 4523 656 4580 tuit.
672 4522 764 4581 Natus
787 4528 831 4582 est
845 4540 879 4581 ex
892 4542 937 4583 so·

83 4620 169 4678 mins
181 4616 250 4687 viri,
265 4620 295 4674 οι
309 4631 366 4672 non
384 4619 476 4682 utero,
487 4612 538 4671 sed
555 4611 618 4669 solo
634 4612 739 4687 placito
755 4612 853 4671 uxoris
863 4612 939 4685 (Gerr.

81 4725 143 4779 ιιι,
162 4708 238 4781 2-4).
262 4703 413 4780 Numquid
433 4702 503 4778 quia
526 4704 563 4762 de
585 4702 702 4774 ancilla,
724 4703 790 4761 ideo
811 4703 939 4762 exhere-

81 4797 235 4860 estuaret
247 4802 400 4871 propterca
409 4792 684 4867 exheredatusquia
694 4793 729 4851 da
740 4793 846 4852 aneilla
856 4799 941 4853 natus

80 4896 143 4957 eat,
158 4886 235 4947 nulli
250 4884 421 4946 ancillarum
438 4882 491 4940 lilii
516 4883 743 4941 admitterentur
766 4884 800 4940 ad
816 4883 940 4941 heredi·

83 4985 190 5039 tatem.
216 4976 283 5034 Filii
302 4975 393 5033 lacoh
417 4973 537 5032 admissi
564 4974 692 5031 suntad
717 4972 939 5032 hereditatem:

84 5069 194 5130 lemael
214 5071 323 5139 autem
339 5081 397 5123 nou
416 5064 485 5137 quia
499 5078 535 5120 ex
549 5063 656 5121 aneilla
670 5067 769 5135 natus,
779 5064 941 5122 exhereda·

86 5168 146 5233 tus,
157 5161 209 5219 sad
225 5144 295 5232 quia
308 5154 453 5228 superbae
469 5153 567 5224 matri,
580 5152 725 5228 superbus
735 5153 765 5212 in
776 5153 869 5211 illium
881 5169 941 5211 ma·

83 5254 159 5323 tris;
180 5254 274 5308 mater
288 5245 366 5305 enim
381 5245 446 5318 elus
462 5245 555 5316 magis
568 5248 638 5302 Sara
652 5260 740 5318 quam
756 5246 842 5317 Agar.
857 5244 940 5303 lilius

84 5348 187 5400 uterus
201 5335 455 5408 accommodatus,
469 5332 550 5393 illius
563 5333 698 5394 voluntas
713 5333 837 5392 accessit
853 5349 861 5403 ;
881 5350 939 5392 nou

84 5431 193 5491 iaceret
206 5425 356 5485 Abraham
373 5421 451 5498 quod
475 5422 547 5481 Sars
561 5419 651 5480 nollet
665 5437 672 5478 :
699 5419 792 5494 magis
806 5436 876 5495 ergo
890 5420 940 5479 ills

87 5521 264 5579 flliusSare.
275 5515 333 5574 Sed
345 5513 413 5589 quia
422 5513 567 5589 superbus
576 5512 606 5571 in
618 5513 748 5586 fratrem,
759 5516 786 5571 el
796 5511 940 5586 superbus

88 5612 227 5684 ludendo,
243 5606 314 5681 quia
330 5605 494 5664 deludendo
509 5621 517 5676 ς
533 5604 583 5677 qui
598 5604 635 5663 aii
653 5603 750 5663 Sara?
765 5603 839 5676 lijr're
851 5605 940 5662 saril-

998 1461 1102 1530 optant
1115 1459 1171 1518 hoc
1186 1478 1250 1534 que
1276 1462 1352 1522 lilios
1372 1464 1491 1533 hahent,
1516 1468 1614 1526 videre
1628 1469 1762 1529 ludentes
1777 1474 1853 1531 lilios
1876 1530 1881 1539 ,

998 1549 1092 1605 ιιιοιι
1106 1550 1186 1607 Vidit
1199 1552 1261 1622 illu,
1276 1559 1306 1611 st
1331 1554 1517 1628 improbauit.
1533 1556 1637 1616 Nescio
1652 1560 1720 1632 quid
1738 1561 1809 1618 uidit
1822 1564 1851 1619 ic

997 1635 1085 1695 lusu:
1103 1639 1270 1700 illusionem
1281 1644 1354 1702 vidit
1364 1645 1394 1703 in
1410 1645 1461 1704 illo
1475 1648 1549 1718 lusu,
1563 1648 1853 1710 animadvertitservi

996 1728 1163 1799 superbiam
1176 1748 1183 1801 ;
1197 1733 1349 1806 displicuit
1358 1735 1506 1809 illi,ejacit
1515 1738 1602 1797 iores.
1614 1739 1680 1799 Nati
1692 1740 1728 1797 de
1738 1739 1853 1798 aucillis
1908 1786 1911 1791 .

996 1814 1122 1889 improbi
1138 1821 1295 1879 mittuntur
1310 1824 1387 1882 laras
1397 1828 1418 1894 ¹,
1429 1830 1458 1883 el
1473 1831 1561 1884 natus
1572 1826 1609 1884 ds
1622 1827 1712 1886 libera
1725 1828 1853 1887 mittitur

996 1906 1074 1965 lorus
1089 1908 1175 1966 Esau.
1191 1915 1282 1969 Nemo
1296 1929 1365 1988 ergo
1382 1921 1541 1988 presumat
1561 1919 1631 1991 quia
1646 1919 1682 1979 de
1697 1919 1782 1977 bonis
1797 1938 1851 1979 na·

994 1996 1098 2067 scitur,
1116 2014 1201 2057 nemo
1217 2007 1373 2073 presumat
1387 2007 1457 2076 quia
1478 2022 1527 2078 per
1546 2012 1663 2065 sanctos
1678 2007 1850 2079 baptisatur.

995 2086 1049 2155 Qui
1065 2104 1115 2160 per
1130 2094 1247 2149 sanctos
1271 2091 1440 2165 baptisatur,
1465 2095 1560 2153 adhuc
1575 2101 1673 2156 caveat
1687 2114 1726 2157 ne
1738 2115 1796 2157 uon
1811 2100 1852 2157 sit

993 2176 1094 2249 laceb,
1110 2182 1159 2238 sed
1175 2185 1258 2239 Esau.
1274 2181 1334 2240 lloc
1348 2200 1426 2257 ergo,
1445 2186 1561 2255 iratres,
1577 2188 1699 2245 dixerim
1716 2204 1724 2246 τ
1744 2188 1850 2247 melius

994 2272 1038 2326 est
1053 2271 1088 2326 ah
1108 2270 1281 2331 hominibus
1296 2289 1351 2331 sua
1365 2275 1566 2347 querentibus
1583 2281 1612 2333 et
1627 2279 1769 2335 muudum
1785 2277 1852 2337 dili-

993 2359 1142 2430 gentibus,
1153 2360 1230 2433 quod
1241 2361 1389 2435 signifieat
1404 2378 1511 2420 nomeu
1527 2363 1653 2436 ancilias,
1664 2365 1805 2438 baptisari
1820 2371 1851 2425 et

993 2447 1186 2519 spiritualiter
1200 2450 1399 2509 hoereditatem
1410 2469 1537 2526 querare
1551 2453 1671 2523 Christi,
1683 2460 1715 2511 ut
1728 2455 1768 2512 sit
1782 2461 1849 2513 tan·
1945 2498 1949 2507 .

994 2554 1082 2610 quam
1103 2539 1181 2597 illius
1204 2540 1296 2598 Jacoh
1320 2541 1356 2598 de
1376 2541 1493 2611 ancilla,
1522 2560 1610 2616 quam
1635 2543 1774 2616 baptizari
1797 2560 1850 2618 per

994 2633 1112 2688 sanctos
1126 2635 1155 2687 et
1179 2632 1341 2705 superbire,
1363 2638 1395 2689 ut
1411 2634 1449 2691 sit
1473 2634 1549 2692 lieeu
1573 2634 1651 2692 iores
1676 2635 1848 2708 mittendus,

994 2720 1129 2791 quamvis
1145 2724 1231 2778 natue
1251 2737 1286 2779 cx
1311 2721 1413 2779 libera.
1440 2721 1515 2790 llee,
1532 2723 1646 2793 iratres,
1663 2729 1769 2783 tenete.
1785 2725 1850 2787 Noc

994 2824 1045 2865 vos
1061 2810 1226 2884 palpamus,
1243 2811 1324 2868 nulla
1339 2827 1406 2885 spes
1421 2812 1556 2871 vestrain
1567 2813 1720 2871 uobiseit:
1737 2832 1789 2875 nec
1800 2833 1851 2875 uo·

996 2899 1039 2957 his
1055 2898 1235 2970 blandimur,
1252 2916 1306 2957 nee
1317 2901 1399 2958 vohis
1415 2919 1422 2972 ;
1439 2903 1643 2976 uuusquisque
1657 2920 1741 2962 susm
1756 2906 1851 2963 sarci·

995 3007 1062 3047 narn
1079 2994 1183 3063 portat.
1200 2992 1335 3048 Nostrum
1350 2995 1393 3047 est
1407 2991 1561 3062 dicerene
1577 2993 1652 3052 mals
1662 2994 1848 3066 judicemur:

994 3085 1122 3137 vestrum
1143 3083 1188 3137 eet
1216 3080 1325 3151 audire,
1347 3086 1377 3137 οι
1401 3081 1487 3139 corde
1513 3082 1625 3152 audire,
1653 3101 1689 3141 ne
1719 3085 1850 3159 exigatur

994 3173 1069 3242 qaod
1081 3170 1269 3239 damue;imo
1281 3173 1399 3243 quando
1409 3171 1849 3247 exigitur,lucruminveniatur,

997 3278 1054 3320 uon
1070 3260 1289 3319 detrimentum.

1030 3353 1057 3409 5.
1073 3351 1149 3408 llicit
1163 3350 1307 3408 Dominus
1319 3350 1487 3420 Nicodemo,
1503 3355 1532 3409 et
1546 3352 1664 3425 exponit
1682 3354 1707 3410 ei
1724 3372 1732 3408 ε
1751 3358 1847 3421 Amce,

994 3458 1075 3499 amen
1091 3442 1154 3499 dico
1164 3440 1227 3511 tibi,
1237 3440 1294 3498 nisi
1308 3443 1370 3513 qais
1383 3446 1493 3498 renatas
1505 3443 1597 3512 [serit
1610 3459 1646 3499 ea
1659 3459 1732 3516 apua
1746 3453 1771 3501 ιι
1785 3445 1850 3517 Spi-

995 3534 1063 3602 ritu,
1076 3547 1132 3586 aori
1147 3535 1233 3602 potest
1248 3529 1365 3586 introire
1391 3533 1422 3585 ia
1447 3545 1568 3600 reprom
1591 3532 1650 3590 het.
1666 3532 1719 3601 Τιι,
1741 3533 1850 3606 inquit,

995 3619 1140 3679 carnalem
1165 3618 1384 3692 generationem
1400 3618 1552 3693 intelligis,
1576 3636 1642 3678 cum
1658 3620 1741 3691 diois,
1757 3623 1848 3679 Noas-

995 3711 1063 3786 puid
1072 3714 1158 3785 polest
1172 3711 1251 3768 borao
1265 3709 1355 3768 redire
1366 3711 1395 3767 ia
1404 3712 1511 3769 uiscera
1520 3715 1620 3770 matris
1632 3720 1715 3772 ease?
1729 3729 1764 3771 ex
1773 3729 1851 3786 equs

995 3808 1024 3861 et
1037 3803 1147 3876 Spiritu
1163 3805 1279 3875 oportet
1293 3804 1324 3858 ut
1339 3807 1473 3860 nascatur
1487 3807 1735 3879 propterregnum
1746 3807 1807 3865 Dei.
1819 3807 1850 3865 Si

995 3893 1852 3970 propterhaereditstempatrishominietemporalsmnasei·

996 3993 1053 4055 tur,
1070 3990 1205 4043 nascatur
1223 3998 1259 4042 ex
1273 3984 1434 4043 uisceribus
1455 3986 1560 4043 matris
1579 3987 1726 4046 carnalis:
1746 3991 1773 4047 ai
1788 4004 1852 4061 pro·

997 4080 1061 4149 pter
1075 4073 1276 4133 hereditatem
1292 4074 1384 4147 patrie
1399 4074 1451 4132 Dei
1477 4076 1697 4149 sempiternam,
1713 4084 1852 4136 nascatur

997 4181 1031 4223 ex
1045 4165 1205 4223 visceribus
1232 4165 1375 4222 iicclesia.
1397 4169 1521 4224 denerat
1543 4182 1595 4239 per
1610 4183 1729 4224 uxorem
1754 4166 1848 4225 filium

996 4257 1079 4325 pater
1093 4253 1249 4310 moriturus
1264 4267 1471 4309 successurum
1488 4268 1496 4308 :
1513 4257 1633 4325 generat
1647 4258 1725 4309 Dece
1740 4252 1776 4310 de
1792 4253 1849 4310 lla·

996 4341 1085 4400 closis
1101 4342 1176 4400 illios
1188 4359 1247 4399 aon
1272 4357 1470 4412 successuros,
1490 4339 1543 4398 sed
1567 4357 1667 4400 secum
1683 4358 1847 4400 mansuros.

995 4432 1029 4488 Et
1039 4433 1188 4504 sequitur:
1207 4429 1389 4500 Quadratum
1403 4435 1442 4487 est
1452 4430 1586 4500 decorae,
1600 4447 1665 4489 caro
1673 4438 1713 4488 ιιι
1724 4449 1733 4487 a
1743 4437 1769 4489 ιι
1778 4432 1849 4506 qaod

993 4527 1144 4577 natumsed
1161 4521 1199 4577 de
1222 4518 1339 4593 Spiritu,
1367 4521 1480 4592 spiritua
1502 4523 1552 4578 est.
1572 4521 1767 4594 spiritualiter
1781 4539 1848 4596 ergo

994 4609 1154 4680 nascimur,
1165 4613 1195 4668 et
1206 4608 1236 4667 in
1245 4607 1352 4682 spiritu
1363 4608 1608 4667 nasoimutuerho
1618 4618 1645 4669 et
1655 4617 1847 4672 sacramento.

993 4699 1084 4759 Adest
1098 4700 1234 4774 Spiritus,
1259 4702 1290 4756 ut
1304 4714 1464 4757 nascamur
1483 4715 1492 4759 t
1517 4700 1645 4774 Spiritus
1665 4704 1850 4764 invisibiliter

994 4794 1077 4851 adest
1091 4791 1169 4849 unde
1184 4788 1324 4863 nasceris,
1336 4789 1406 4863 quia
1419 4795 1450 4848 et
1463 4793 1495 4849 tu
1507 4789 1691 4851 invisibiliter
1705 4793 1845 4851 nasceris.

995 4882 1134 4956 Sequitur
1148 4881 1238 4951 enim,
1253 4880 1385 4938 abdicit:
1411 4881 1470 4939 Noa
1494 4880 1607 4940 mireris
1629 4885 1696 4955 pata
1709 4883 1772 4939 disi
1783 4884 1846 4948 tihi.

994 4976 1097 5047 oportet
1120 4989 1164 5030 vos
1187 4973 1263 5029 irasci
1287 4969 1396 5028 denuo:
1417 4970 1539 5045 Spiritus
1562 4972 1611 5028 abi
1634 4972 1692 5028 oatt
1710 4975 1848 5043 spirabat

993 5080 1084 5122 ocrem
1093 5063 1155 5134 ejns
1169 5063 1257 5132 audis,
1273 5060 1320 5118 red
1329 5062 1417 5120 coecis
1428 5062 1502 5119 ande
1512 5064 1615 5129 ueniat,
1625 5063 1674 5116 aab
1687 5076 1739 5132 pao
1753 5059 1845 5119 vadat.

993 5155 1085 5213 Nemo
1100 5154 1176 5211 sidet
1191 5153 1332 5226 Spiritum
1350 5168 1357 5208 :
1373 5156 1400 5210 st
1423 5150 1569 5224 quomodo
1584 5148 1722 5208 audimus
1744 5167 1844 5211 rocem

993 5245 1146 5318 Spiritus?
1165 5243 1256 5301 Sonat
1279 5241 1424 5311 Psalmua,
1449 5257 1504 5297 vox
1527 5243 1571 5298 eet
1591 5239 1737 5313 Spiritus3
1763 5248 1847 5301 sonat

994 5337 1192 5410 livaugelium,
1207 5350 1261 5393 vox
1275 5337 1320 5391 aet
1332 5332 1457 5405 Spiritus
1472 5350 1480 5403 3
1503 5336 1588 5391 sonat
1606 5348 1701 5391 sermo
1716 5333 1845 5405 divinus,

993 5444 1046 5486 uox
1062 5430 1107 5485 cst
1121 5424 1256 5499 Spiritus.
1276 5424 1368 5481 Vocem
1381 5422 1440 5492 aias
1452 5422 1542 5495 sadis,
1557 5429 1585 5481 et
1605 5424 1696 5482 aereis
1709 5423 1786 5483 crede
1801 5441 1845 5482 os·

1025 5551 1104 5603 ¹'lres
1113 5550 1174 5602 blas.
1184 5557 1191 5598 t
1202 5545 1308 5599 Nabide
1319 5546 1431 5598 ancillis
1441 5548 1476 5599 od
1484 5547 1847 5603 hereditatemadmittaninr

993 5612 1144 5681 filiibocob,
1163 5616 1187 5663 et
1201 5615 1279 5662 aclas
1294 5612 1326 5661 de
1340 5610 1433 5678 tibere,
1449 5619 1499 5666 etc.
