3952 6150
52 132 56 137 ’
111 136 185 201 21³8
617 135 805 198 EPlS‘t‘OLAE
823 139 872 196 att
890 137 1061 208 (lauras,
1082 141 1114 197 S.
1133 134 1324 198 ancestral
1752 132 1825 191 2180

110 270 212 326 tantm
225 284 233 338 ;
246 282 308 325 non
318 280 387 340 quea
401 265 559 325 carnaliter
568 265 788 333 desiderantur,
798 264 939 341 qualibus
995 266 1099 325 dalum
1113 268 1242 335 ludaeos,
1263 265 1336 340 quia
1349 264 1422 322 istas
1438 260 1571 320 carnales
1584 258 1821 327 observationes,

112 356 365 430 promissionibus
381 357 507 413 servitus
527 356 578 412 illa
593 355 748 413 tenebatur
763 373 770 412 ε
790 356 866 412 sicut
879 355 938 411 alio
992 372 1130 431 quespro
1145 357 1211 429 ipsa
1226 355 1321 413 salute
1335 368 1367 411 se
1378 351 1490 411 trabere
1502 349 1745 416 arbitrabantur,
1755 364 1822 406 enm

112 447 183 506 loco
193 446 275 516 dicit,
288 446 351 503 Nou
365 445 569 518 respicientibus
584 443 659 501 uobis
672 461 733 518 quse
743 446 884 515 uideatur,
893 443 940 500 sed
994 441 1822 519 saepeanimadvertebantpraterireatquecontemnsrs.

112 553 173 609 quae
195 552 248 592 sou
272 535 410 590 videatur.
436 537 502 602 Qua
521 535 593 590 euim
616 534 753 602 oideutar,
781 533 941 606 temporalia
994 538 1055 593 lloc
1069 551 1140 607 ergo
1155 536 1195 592 ita
1209 535 1293 600 dixit,
1316 549 1351 591 ao
1370 532 1396 588 si
1408 531 1537 589 diceret:
1559 531 1630 586 Sine
1645 542 1824 599 causaergo

114 631 178 681 suat
192 647 202 695 ,-
218 640 280 697 quas
290 631 381 679 cutem
395 639 451 679 uon
465 623 604 691 oe'deutar,
619 631 723 679 aeteraa
740 630 803 679 saut
819 624 853 692 (ll
870 621 937 680 Cor.
994 624 1510 692 Christum,cumistacontemnsret,
1527 617 1824 677 scandalizatiludai

114 716 226 784 ιν,18).
242 713 350 768 Deinde
360 712 524 783 subjunxit,
539 711 690 768 ludbristo
701 715 772 768 euim
786 711 942 782 tecumque
995 714 1216 781 crucifixerunt,
1227 713 1251 769 si
1263 708 1588 784 adhuceisproquibus
1598 707 1823 776 crucifixusest,

115 802 435 874 circumcisioquidqaam
447 801 528 869 calet,
538 818 619 874 aeque
625 803 793 875 preputium
799 818 808 879 ,j
819 806 850 858 ut
860 800 943 857 illem
996 804 1067 863 talia
1078 803 1307 877 persuadentur.
1324 803 1357 858 Et
1372 799 1481 872 adjecit
1490 797 1722 869 elegantissima
1734 797 1825 853 ambi·

117 891 348 948 indidereutiam
377 890 552 959 declararet,
581 891 716 964 nihilque
740 890 943 964 perniciosum
998 894 1108 966 guitate
1122 893 1210 966 quasi
1226 892 1284 949 sub
1299 891 1397 963 specie
1411 887 1632 946 maledictionis
1646 884 1826 944 benedictio-

117 994 183 1034 esse
199 979 227 1034 in
243 978 300 1035 hac
319 979 545 1035 circumcisione
567 980 748 1050 ostenderet,
766 980 874 1037 nisiex
894 978 945 1035 illa
997 998 1078 1048 nom,
1085 983 1200 1039 diceus:
1211 980 1323 1039 Utinam
1330 986 1355 1036 et
1365 973 1825 1050 abscidantuequiaoscouturbost.

118 1067 389 1140 salutemsperare.
404 1068 481 1124 Nihil
496 1084 568 1140 ergo
588 1068 686 1126 velere
699 1069 770 1125 dicit
787 1068 817 1125 in
831 1067 945 1125 Christo
998 1071 1310 1144 contentumduquit,
1320 1067 1582 1136 circumcidentur,
1594 1063 1826 1122 sedetabseidcs·

118 1155 377 1213 circumcisionem
391 1161 443 1212 aut
459 1158 649 1229 praeputium,
672 1159 717 1213 sed
730 1158 806 1229 fidem
821 1171 880 1229 quer
897 1171 948 1229 per
999 1167 1057 1218 tur.
1070 1161 1115 1219 Sic
1125 1161 1203 1216 onim
1219 1159 1292 1215 fient
1306 1156 1458 1231 spadones
1473 1153 1828 1229 proplerregnumcoelo-

120 1245 292 1302 dilectionem
306 1253 450 1319 operatur.
469 1249 502 1302 Et
522 1246 570 1301 hic
586 1245 658 1302 illud
673 1247 776 1318 tetigit,
799 1246 871 1318 quia
890 1244 947 1302 sub
1000 1243 1827 1321 rum(d1attb.xix,12),etcarnaliaseminarecessalrunl

119 1335 198 1405 Lege
223 1337 351 1392 servitus
374 1338 585 1407 pertimerem
611 1340 759 1408 operatur.
790 1334 949 1392 Currebatis
1036 1335 1334 1409 43.[1b.v,13.]l'es
1352 1334 1436 1402 euim,
1457 1332 1563 1405 inquit,
1578 1334 1608 1389 iss
1622 1332 1830 1388 libertatatem·

122 1425 195 1495 beas,
209 1424 320 1498 inquit;
335 1424 394 1495 quis
408 1441 452 1480 cos
466 1425 609 1496 impedivit
623 1424 738 1481 ceritati
751 1441 805 1481 sou
817 1423 923 1480 obedire
936 1422 950 1479 t
1001 1429 1057 1485 cati
1071 1428 1145 1493 estis,
1158 1427 1271 1498 fratres.
1288 1424 1363 1491 Quia
1374 1423 1424 1480 itta
1431 1422 1623 1480 conturbatio
1639 1437 1659 1478 a
1671 1418 1831 1494 spirituali·

123 1515 185 1569 Hoc
204 1520 260 1580 est,
274 1513 354 1584 quod
371 1514 506 1586 superius
519 1515 568 1579 ait,
584 1513 649 1580 Ques
663 1530 707 1570 oos
720 1514 867 1587 facinavit
881 1513 950 1583 (Ga-
1002 1517 1060 1576 bus
1073 1518 1109 1574 ad
1119 1516 1252 1573 carnalia
1266 1529 1411 1571 revocans
1429 1514 1460 1569 ln
1483 1511 1658 1569 servitutem
1677 1509 1817 1568 trahebat

125 1603 174 1658 litt·
182 1618 223 1669 111,
243 1602 267 1671 ¹)
280 1605 294 1657 ¹?
307 1601 410 1665 seatio.
426 1603 532 1674 inquil,
547 1610 639 1658 vetita
653 1619 705 1658 ton
715 1619 748 1657 ex
759 1619 788 1657 00
801 1608 839 1658 ebt
852 1602 899 1674 tui
909 1617 951 1657 ⁰⁰·
1004 1607 1062 1666 Sed
1082 1606 1144 1677 iam
1160 1605 1230 1661 hinc
1244 1618 1337 1677 opera
1352 1602 1402 1659 illa
1415 1601 1502 1673 Legis
1522 1606 1648 1659 tractare
1662 1599 1783 1672 incipit,
1797 1599 1832 1656 de

123 1691 195 1748 aucit
208 1707 262 1746 eos.
280 1692 346 1746 llaec
363 1691 442 1747 anim
456 1691 558 1748 suasio
574 1692 702 1748 carnalis
714 1698 769 1758 est,
787 1691 834 1748 illc
851 1696 950 1748 autem
1004 1694 1114 1769 quibus
1124 1709 1294 1765 eumsupra
1306 1692 1440 1749 dixeram
1454 1691 1484 1747 in
1496 1690 1555 1747 fine
1568 1689 1710 1762 Epistulas
1724 1692 1834 1746 tracta·

124 1781 155 1837 in
175 1779 340 1836 libertatem
369 1781 499 1837 vocavit.
527 1780 705 1838 Suasionem
726 1787 825 1838 aulem
846 1796 951 1838 eornm
1004 1788 1104 1842 turum
1119 1783 1227 1856 (Supra,
1242 1799 1272 1838 n.
1289 1783 1421 1855 litque
1440 1781 1480 1838 ad
1494 1783 1609 1838 Novum
1630 1778 1836 1852 quoqueTes-

127 1867 211 1941 dixit,
235 1868 319 1940 quod
345 1869 387 1925 eis
412 1868 606 1927 suadebatur.
626 1873 684 1926 Eos
701 1875 802 1927 autem
826 1884 951 1942 paucos,
1005 1877 1171 1930 lamentum
1189 1872 1334 1944 pertinere
1347 1886 1437 1927 nemo
1452 1869 1578 1941 ambigit
1593 1884 1601 1935 ;
1617 1868 1672 1926 sed
1684 1867 1748 1924 ulio
1766 1866 1834 1938 fine,

129 1958 182 2032 qui
205 1958 243 2014 ad
269 1956 335 2015 illos
363 1957 534 2027 veniebant,
560 1963 591 2016 ut
615 1959 672 2016 ista
692 1960 861 2022 suaderent,
881 1958 953 2031 quia
1005 1959 1544 2035 quoliberoseatacersdecet,ldest,
1559 1957 1837 2014 charitatisasterna

124 2049 156 2104 in
172 2045 396 2120 comparatione
411 2046 611 2104 multitudinis
628 2048 811 2105 credentium
839 2048 954 2104 Galata·
1006 2051 1154 2124 sperantis
1168 2049 1380 2122 hincprsemia,
1394 2052 1423 2105 et
1437 2063 1471 2104 ex
1483 2045 1544 2103 tide
1558 2046 1836 2118 exspectantis.lion

125 2135 296 2207 rumexigui
311 2150 437 2191 numero
449 2139 544 2202 erant,
561 2137 740 2194 termentum
752 2135 891 2210 appellat
902 2138 954 2194 lie·
1008 2141 1084 2197 sicut
1096 2139 1261 2211 ludaei,qui
1273 2137 1439 2195 timoreista
1447 2134 1837 2209 implerecogebantur,aon

126 2225 238 2298 cipient
260 2229 362 2280 autem
377 2223 422 2280 isti
443 2224 622 2282 termentum
640 2241 648 2293 ;
666 2230 695 2282 et
720 2230 781 2283 tota
795 2240 907 2292 massa,
924 2223 956 2280 id
1007 2229 1058 2287 illo
1081 2233 1166 2286 casto
1194 2231 1384 2301 permanente
1409 2227 1440 2282 in
1463 2223 1608 2281 saeculum
1626 2223 1733 2280 soeculi
1756 2221 1835 2289 (Part

126 2317 363 2380 est,totaeorum
376 2313 882 2388 Ecclesiaincorruptionecarnalis
893 2329 954 2370 ser·
1007 2333 1088 2384 xvru,
1103 2319 1158 2387 10),
1172 2317 1223 2373 sed
1240 2331 1302 2388 quo
1315 2314 1461 2371 timebant
1478 2313 1615 2386 praesenti
1632 2312 1705 2368 vitae
1723 2313 1838 2368 suazsl

123 2401 228 2458 vitulis
243 2401 473 2475 quodammodo
485 2401 721 2470 fermentabitur,
734 2403 759 2460 si
771 2403 844 2460 tales
854 2418 955 2459 suaso·
1008 2407 1076 2464 idac
1089 2405 1229 2480 quosdam
1245 2420 1337 2477 opera
1351 2404 1436 2474 Legis
1457 2403 1635 2476 implebant,
1651 2417 1725 2475 quar
1745 2401 1774 2457 in
1790 2415 1835 2457 sa·

120 2507 173 2579 res
189 2495 334 2563 tanquam
354 2491 452 2562 justos
465 2496 494 2548 el
512 2491 616 2548 fideles
636 2493 812 2564 recipientes
826 2493 955 2548 honora·
1009 2495 1169 2554 oramentis
1182 2498 1265 2561 sunt;
1279 2494 1408 2550 illavero
1421 2508 1490 2566 qua
1502 2491 1541 2548 ad
1555 2491 1656 2548 bonos
1667 2504 1836 2561 moresper·

127 2580 234 2635 verint·
251 2580 317 2649 39⁰,
339 2578 445 2653 inquil,
466 2579 568 2652 confido
580 2581 610 2635 tu
625 2582 696 2637 vobit
706 2582 736 2636 iu
748 2582 873 2647 limito,
887 2580 956 2653 quod
1008 2587 1113 2652 tinent,
1128 2584 1253 2640 omnino
1268 2599 1328 2640 non
1345 2586 1491 2656 poterant.
1507 2581 1571 2637 Non
1586 2581 1669 2636 enim
1685 2578 1792 2653 implet
1803 2593 1835 2634 es

127 2668 200 2724 nibil
219 2666 296 2724 atiud
318 2669 439 2739 sapietis.
465 2669 537 2724 lliuc
560 2670 662 2742 utique
686 2669 881 2727 manifestum
901 2673 956 2740 est,
1009 2675 1067 2730 nisi
1081 2673 1219 2730 charitas.
1237 2673 1312 2738 Quia
1333 2678 1361 2728 et
1379 2671 1532 2728 homiuem
1557 2669 1584 2725 si
1601 2673 1768 2742 propterea
1782 2683 1836 2725 nou

125 2757 262 2814 nondum
276 2757 341 2813 illos
352 2757 443 2812 tuisse
457 2773 616 2829 possessos
631 2758 781 2814 atalibus.
798 2758 852 2827 Qui
867 2766 957 2814 autem
1009 2762 1118 2821 oceidit
1139 2763 1258 2835 aliquis,
1275 2777 1312 2818 ne
1333 2766 1362 2818 et
1377 2762 1441 2834 ipse
1456 2759 1636 2830 occidatur;
1653 2774 1718 2816 non
1741 2756 1838 2831 implet

126 2845 270 2902 conturbat
298 2862 351 2913 eos,
371 2846 478 2918 inquit,
497 2846 618 2917 portabit
631 2847 778 2918 judicium,
797 2849 957 2921 quicumque
1009 2857 1192 2927 praeceptum
1206 2850 1328 2923 justitie
1343 2866 1350 2905 :
1366 2849 1419 2907 sed
1434 2849 1459 2904 si
1472 2849 1540 2905 ideo
1554 2846 1758 2916 nonZoccidit,
1773 2846 1838 2921 quic

126 2935 173 2991 ille
184 2935 281 3006 suerit.
296 2937 363 2991 llaec
374 2934 670 2993 estillaconturbatio
685 2938 836 2995 contraria
846 2937 957 3006 ordini,
1009 2943 1154 3015 iniustum
1167 2945 1219 3007 est,
1235 2940 1360 2996 etiamsi
1375 2937 1611 3011 idpossitiacere
1624 2936 1765 3010 impune,
1782 2950 1837 2992 non

127 3029 158 3080 nt
170 3024 204 3079 de
219 3022 423 3096 spiritualibus
438 3023 573 3081 carnales
593 3024 676 3081 fiant.
697 3028 730 3083 tlt
752 3026 898 3099 quoniam
915 3026 956 3083 in·
1010 3031 1109 3088 solum
1123 3029 1362 3102 apudbomines,
1373 3027 1425 3084 sed
1436 3027 1526 3083 etiam
1539 3026 1623 3098 apud
1639 3029 1747 3083 Deum.
1765 3025 1838 3084 Sicut

130 3112 470 3184 telligendumesttuisse
480 3114 631 3186 quosdam
642 3115 694 3187 qui
709 3130 777 3171 cum
792 3115 901 3172 vellent
912 3116 956 3171 ais
1011 3119 1179 3177 Devidcum
1188 3118 1330 3175 divinitus
1344 3115 1544 3189 accepissetin
1552 3120 1736 3189 potestatem
1743 3128 1837 3186 regem

130 3202 219 3259 istam
239 3202 409 3259 servitutem
425 3202 617 3276 persuadere,
630 3208 658 3261 et
673 3203 866 3261 viderenteos
877 3204 958 3264 Pauli
1010 3208 1329 3281 Saul,impuneutique
1344 3205 1501 3272 occideret,
1518 3221 1575 3262 nec
1588 3203 1838 3262 hominibusiuse

125 3290 255 3375 'apostoli
271 3292 446 3348 auctoritate
456 3293 598 3360 revocari,
613 3292 745 3349 dicerent
755 3294 843 3349 eliam
855 3294 958 3365 ipsum
1010 3296 1215 3364 vindicaturis,
1230 3296 1303 3370 quia
1315 3295 1441 3352 multum
1456 3294 1495 3350 ab
1508 3294 1552 3350 cis
1562 3293 1749 3365 diligebatur
1764 3293 1836 3349 idem

127 3380 253 3438 Paulum
267 3380 297 3436 id
307 3381 426 3447 sentire,
434 3381 486 3439 sed
495 3382 695 3439 noneisiaclle
705 3382 819 3454 aperire
830 3381 958 3438 voluisse
1011 3385 1105 3441 David
1117 3401 1187 3452 ;nec
1199 3386 1269 3449 Deo,
1281 3385 1332 3458 qui
1343 3383 1526 3457 hancipsam
1537 3387 1718 3455 potestatem
1725 3381 1835 3439 dedisse

127 3470 305 3527 senientiam
332 3486 418 3527 Suam
436 3488 442 3537 ;
465 3471 716 3543 opportunissime
738 3471 874 3541 subjecit,
900 3471 958 3544 Ego
1010 3476 1176 3541 sedixerat,
1193 3473 1359 3530 utomuiuo
1375 3473 1402 3529 ei
1417 3472 1526 3529 taceret
1537 3472 1619 3544 quod
1634 3471 1723 3528 vellet
1737 3473 1761 3539 (l
1778 3471 1833 3541 lieu.

127 3567 225 3626 autem,
240 3559 354 3628 fratres,
371 3561 396 3615 si
409 3559 639 3616 circumcisionem
652 3559 740 3616 adbuc
751 3559 959 3632 preadicaquid
1010 3559 1835 3635 urat-8).Pepercitergodiligensproximumtanquam

127 3648 214 3705 adbuc
227 3648 438 3720 persecutionem
451 3648 670 3720 patiorilitiam
685 3648 725 3705 ab
735 3648 807 3722 ipsis
817 3649 897 3705 enim
906 3664 958 3723 pa·
1011 3651 1521 3725 seipsum,uonsolumpersecutum
1546 3648 1835 3721 sedetiampersecu·

126 3736 256 3793 tiebatur
273 3737 522 3808 persecutionem,
542 3738 595 3810 qui
611 3737 682 3796 talia
696 3737 878 3812 persuadere
892 3753 959 3794 mo·
1010 3737 1834 3815 turum,quieumcorrigiquaminterficimalsbatthomo

130 3824 292 3888 liebantur,
309 3839 377 3880 cum
390 3825 456 3897 jam
484 3827 678 3897 Evangelium
693 3827 860 3900 suscepisse
877 3826 958 3883 ride·
1009 3831 1354 3897 inveteri‘lestamento,
1367 3829 1493 3885 sednon
1507 3827 1599 3883 bomo
1612 3825 1652 3883 da
1667 3828 1764 3885 Veteri
1775 3827 1835 3883 Tes-

134 3915 249 3968 rentur.
267 3913 348 3977 Quos
364 3913 459 3983 tangil
475 3913 534 3970 alio
547 3914 622 3979 loeo,
638 3916 691 3971 nbi
706 3916 755 3982 sil,
777 3916 912 3972 Periculis
927 3917 958 3972 ia
1011 3924 1154 3986 iumento,
1179 3936 1271 3994 quem
1300 3918 1375 3975 fides
1398 3916 1505 3974 lulurae
1526 3915 1711 3973 hereditatis
1738 3913 1835 3973 Christi

129 3999 208 4073 fabii
220 3999 362 4070 f'alri'bli
376 4001 410 4071 (Π
435 4002 498 4058 Oti·
524 4018 561 4070 ¹¹,
587 4003 632 4074 26)
649 4022 656 4071 ;
681 4008 709 4060 el
734 4004 782 4060 hic
808 4004 838 4060 in
861 4006 957 4078 capite
1010 4010 1138 4067 revelata
1153 4015 1183 4065 et
1194 4008 1306 4066 credita
1322 4010 1331 4045 ¹
1348 4007 1465 4065 salvum
1480 4004 1618 4071 iaciebat,
1634 4010 1665 4063 at
1678 4005 1836 4062 adimitan·

130 4086 281 4163 Epistola,
303 4087 355 4144 ubi
374 4089 454 4154 dicit,
472 4109 486 4142 u
511 4092 630 4163 Propter
644 4091 887 4150 subintroductos
903 4110 956 4151 au·
1010 4098 1084 4154 dum
1112 4097 1250 4154 vocabat.
1280 4096 1348 4153 ldeo
1364 4110 1444 4152 nunc
1463 4094 1536 4151 dicit
1558 4094 1736 4165 Apostolus,
1753 4094 1787 4150 lu
1808 4091 1836 4148 li·

127 4183 188 4236 tem
200 4176 293 4235 lalsos
313 4177 429 4249 iratres,
447 4179 500 4252 qui
519 4180 757 4238 subintroierunt
772 4183 956 4252 proscultare
1011 4186 1142 4243 bertatem
1156 4185 1243 4242 cocali
1257 4185 1330 4252 estis,
1346 4189 1475 4259 tratrem
1495 4189 1601 4239 mutum
1628 4199 1663 4238 us
1688 4182 1835 4239 liberm

127 4267 449 4335 libertatemnostram,
462 4268 957 4342 qusmhabemusinchristetem,
1011 4275 1042 4331 iu
1055 4276 1218 4333 mcusbaem
1232 4275 1330 4331 caruis
1341 4273 1429 4328 detis:
1440 4271 1469 4328 id
1487 4276 1587 4341 estne
1602 4270 1709 4329 audito
1720 4272 1838 4329 nomine

128 4371 161 4424 ut
176 4381 232 4423 nos
244 4366 274 4420 in
289 4365 460 4422 servitutem
469 4367 637 4440 redigerent
647 4388 661 4418 u
672 4367 779 4440 (Galat.
794 4382 823 4436 ιι,
831 4368 872 4439 l).
883 4370 959 4441 Ergo
1011 4364 1165 4431 libertatis,
1177 4363 1302 4435 impune
1319 4362 1407 4419 robis
1426 4360 1616 4435 peccandum
1635 4375 1703 4417 esse
1721 4360 1839 4418 sebius

128 4457 153 4513 si
184 4453 443 4512 circumcisionem
471 4455 666 4528 predicabat,
691 4455 862 4512 desinerent
888 4472 964 4513 eum.
1012 4453 1096 4510 mini.
1122 4451 1177 4510 Sed
1202 4469 1252 4524 per
1272 4451 1447 4522 siceitatem,
1471 4450 1577 4524 inquit,
1596 4449 1698 4507 meib
1716 4450 1838 4506 inausa.

125 4545 279 4618 persequi.
301 4543 356 4609 Qui
372 4550 524 4603 tamenne
541 4546 716 4603 timerentur
728 4544 767 4602 ab
779 4546 829 4609 eis,
846 4544 958 4617 quibus
1012 4541 1067 4607 Qui
1089 4541 1169 4598 euim
1185 4556 1237 4612 par
1259 4540 1436 4597 charitatem
1466 4540 1565 4606 servit,
1581 4538 1676 4595 libere
1697 4539 1800 4605 servit,
1815 4542 1839 4593 et

128 4633 291 4691 christiana
306 4635 428 4693 libertas
443 4635 679 4692 annuntiabatur
695 4653 703 4702 l
720 4638 773 4691 aut
791 4633 878 4691 neab
892 4634 958 4707 ipso
1012 4630 1076 4686 sina
1103 4630 1223 4687 miseria
1250 4628 1462 4701 obtemperans
1482 4627 1552 4695 Deo,
1576 4643 1647 4684 cum
1674 4644 1782 4686 amore
1799 4627 1839 4684 is-

127 4721 269 4794 Apostolo
285 4723 380 4780 timeri
393 4726 580 4796 putarentur,
601 4727 761 4795 propterea
774 4722 913 4796 superius
926 4722 958 4778 li-
1011 4718 1117 4775 ciendc
1126 4718 1348 4791 quoddocetur,
1357 4733 1415 4773 non
1427 4733 1495 4773 cum
1504 4717 1608 4774 timore
1618 4716 1704 4790 quod
1711 4719 1835 4792 cogitur.

129 4810 204 4868 bera
216 4810 322 4883 plenus
336 4812 458 4878 fiducia,
473 4826 584 4868 nomen
600 4827 688 4867 suum
704 4812 789 4867 etism
804 4811 958 4882 protessus
1047 4811 1091 4866 tt.
1109 4806 1163 4880 [lb.
1175 4823 1201 4873 v,
1211 4805 1384 4881 tl.].0mrris
1396 4807 1469 4861 euim
1481 4806 1545 4872 Lea,
1558 4805 1708 4878 inquitis
1722 4823 1837 4863 uaesa-

131 4905 184 4965 ast,
205 4899 319 4968 diceus,
332 4902 403 4957 Ecce
416 4917 479 4972 ergo
492 4899 595 4956 Paulus
613 4898 672 4955 dico
687 4898 767 4966 ectu,
783 4899 886 4972 quiesi
903 4899 958 4955 cir·
1011 4912 1086 4953 moue
1101 4894 1210 4968 impleta
1224 4903 1272 4961 est,
1288 4896 1318 4951 iu
1332 4912 1361 4951 eo
1385 4895 1455 4967 quod
1479 4894 1576 4967 diliges
1588 4895 1753 4964 moriturus
1769 4901 1838 4952 tuus

131 4989 333 5058 cumcidamius',
348 4989 473 5046 Cbre'stus
486 4988 559 5044 cobis
573 4986 646 5043 utbr't
657 4987 781 5060 proderit
796 4987 854 5058 (Id.
868 5004 897 5055 v,
906 4988 934 5060 t)
949 5005 956 5048 :
1012 4987 1272 5058 wrtqaamtee'psaur.
1289 4985 1416 5040 Omnem
1430 4998 1502 5054 ergo
1512 4983 1622 5053 Legem
1631 4998 1716 5040 nunc
1730 4983 1839 5041 dicitex

132 5084 277 5154 tanquam
292 5078 319 5136 si
333 5079 453 5145 diceret,
470 5076 544 5134 Ecce
559 5092 607 5133 me
623 5075 790 5143 imitamini,
807 5082 911 5133 utnon
927 5076 959 5133 ti·
1011 5074 1059 5130 his
1072 5073 1214 5146 operibus
1224 5087 1293 5145 quse
1300 5072 1338 5129 ad
1345 5071 1548 5129 bonosmoras
1559 5072 1725 5142 pertinent:
1735 5073 1838 5147 quiesi

129 5172 260 5239 mealis;
280 5174 331 5228 aut
348 5171 379 5225 in
395 5183 443 5226 me
469 5183 594 5224 causam
609 5164 769 5233 retundite,
793 5165 817 5221 si
837 5165 957 5222 timetis.
1011 5162 1137 5235 illaquae
1151 5161 1256 5217 suntin
1270 5160 1553 5227 sacramentis,cum
1570 5159 1648 5217 bena
1661 5175 1679 5217 a
1690 5161 1790 5218 liberis
1802 5161 1839 5216 iu·

128 5260 213 5330 Quod
225 5264 326 5329 autern
337 5259 419 5326 dicit,
430 5259 504 5330 lirae
513 5263 669 5313 eoactcatum
679 5263 718 5313 est
727 5254 885 5312 soaaddura
896 5271 958 5311 era·
1011 5251 1192 5324 telliguntur,
1206 5265 1261 5306 nec
1273 5248 1636 5306 carnaliterobservantur
1651 5265 1671 5305 a
1686 5253 1790 5315 serris,
1803 5247 1839 5306 ad

126 5350 174 5414 cis,
200 5349 379 5407 sententiam
403 5347 485 5405 illam
512 5346 627 5420 repetit,
649 5343 680 5401 Si
699 5361 732 5400 ea
752 5344 819 5416 Lege
831 5343 956 5415 justitia,
1011 5338 1595 5412 illaduoprrsoeptareferanturnsaesse
1608 5338 1840 5408 cst‚dilectionis

128 5454 190 5506 erqo
206 5439 333 5495 Cbrz'stae
346 5438 434 5510 oratis
448 5440 570 5492 mortuus
585 5443 622 5491 est
638 5434 692 5506 (ld.
710 5451 737 5500 u,
754 5435 811 5501 et).
828 5432 885 5490 Sed
909 5432 957 5489 hic
1011 5431 1061 5485 liei
1074 5434 1102 5484 et
1117 5428 1256 5500 proximi.
1267 5430 1351 5484 ilecte
1365 5428 1465 5499 itaque
1480 5426 1674 5497 accipiturad
1685 5428 1744 5485 hoe
1755 5427 1840 5500 perti·

127 5525 274 5599 quonium
286 5526 462 5582 scandalum
480 5526 624 5592 nominat,
641 5524 671 5580 in
685 5524 864 5580 memoriam
876 5538 956 5579 ravo·
1010 5533 1080 5575 nere
1093 5516 1177 5589 quod
1190 5517 1279 5573 eliam
1297 5516 1440 5572 [lominus
1455 5516 1505 5586 ait,
1517 5515 1581 5572 Noa
1599 5516 1661 5572 osui
1675 5516 1772 5590 Legata
1784 5516 1835 5577 sot·

129 5618 177 5671 cat
190 5617 348 5685 propterea
362 5615 493 5673 maxime
505 5615 536 5670 in
551 5614 665 5671 Christo
679 5625 955 5687 passosessescaa-
1041 5629 1051 5663 ¹
1067 5625 1108 5682 sio
1123 5626 1186 5681 ltss.
1198 5624 1268 5682 ilditi
1285 5638 1358 5685 vero.
1377 5628 1400 5676 st
1414 5624 1526 5681 remita.
