3952 6150
140 327 219 391 itte
618 320 657 383 lli
679 316 841 383 loeutus
862 312 1125 388 alluentium,
1147 314 1180 378 S.
1202 313 1415 381 AUGUSTlNl
1819 324 1899 388 1111)

141 474 227 544 ptura
242 467 438 536 commendat,
456 465 571 537 Moyses
586 461 681 519 tidelis
697 461 727 517 in
743 463 804 516 tota
827 460 913 515 domo
927 457 992 527 ejus
1046 455 1145 523 clonia,
1161 458 1263 510 utnon
1283 453 1322 509 ibi
1340 454 1398 509 sint
1414 452 1506 526 pelea,
1522 454 1572 511 sed
1596 454 1787 517 trumentum.
1803 460 1899 527 Quam

139 558 233 629 (Nam.
247 574 297 626 nu,
314 557 353 630 i).
365 556 399 611 ut
409 555 468 611 illis
479 559 537 610 tres
554 551 755 617 nominantur,
766 547 849 618 quasi
859 546 991 604 eumsoli
1047 545 1124 601 enim
1151 543 1235 599 multi
1258 544 1326 610 sint,
1343 543 1423 600 norit
1449 542 1582 601 Charites
1604 556 1709 603 vestre.
1726 547 1779 605 Per
1805 551 1901 609 malos

141 647 365 723 promeruerint,
383 647 437 716 lips
452 661 513 700 sam
527 645 597 699 deus
611 640 769 707 Abrabam„
780 642 807 694 ct
820 638 890 694 oens
905 637 990 701 leone,
1047 633 1113 690 boni
1131 650 1138 690 :
1159 632 1319 705 aliquando
1336 632 1464 704 baptizat
1482 633 1609 706 adulter,
1624 640 1654 692 et
1669 637 1720 709 qui
1734 637 1901 711 baptisatur

140 742 166 795 ct
181 739 250 795 Deus
261 737 344 793 tacet
360 754 369 792 .·
386 734 435 791 lrac
448 734 517 789 milti
530 747 630 788 nomen
643 733 681 787 eet
694 732 725 785 tu
737 732 876 786 aeternum
890 725 991 799 (licod.
1042 722 1233 795 iustificetur.
1244 723 1400 780 Perbonoe
1411 722 1478 780 mali
1490 739 1497 780 ι
1509 725 1668 798 aliquando
1678 727 1728 799 qui
1739 728 1900 803 baptizent,

139 845 182 896 ιιι,
197 829 226 897 d,
243 828 295 896 15).
313 826 531 883 Sacramentum
556 819 684 892 grandal
701 818 805 874 Potens
825 822 868 871 est
891 814 989 870 Domi·
1045 814 1139 870 senati
1161 816 1248 881 sunt;
1265 814 1315 886 qui
1341 814 1531 887 baptizentur,
1556 820 1655 873 tenere
1679 818 1756 876 viem
1781 821 1833 879 liei
1848 838 1901 880 no-

142 934 197 974 nus
211 923 240 974 et
254 931 304 972 ora
328 918 429 970 nostre
443 910 565 985 aperire,
581 914 610 964 et
623 908 711 965 corda
725 910 831 973 vestre,
849 910 880 959 ut
895 903 990 959 dicere
1047 901 1123 961 lunt.

141 1007 290 1081 possimus
304 1004 381 1061 siout
396 1001 521 1058 revolare
531 999 668 1069 dignatus
679 999 881 1065 eet‚etospere
896 990 993 1066 poesi·
1080 992 1108 1050 9.
1125 995 1209 1062 Puto,
1225 994 1340 1063 tratres,
1357 997 1459 1051 notum
1474 995 1582 1052 esseio
1598 995 1736 1062 Ecclesia,
1752 1005 1782 1057 et
1801 1003 1903 1074 quoti.

141 1098 179 1154 tis
193 1097 270 1153 siout
284 1093 401 1166 expedit
413 1090 504 1147 vobis.
1046 1082 1142 1138 dianio
1157 1082 1298 1154 exemptis
1314 1083 1497 1140 manifestari
1516 1099 1549 1140 ea
1563 1100 1625 1155 que
1640 1085 1764 1146 dicimus
1780 1107 1787 1148 ι
1804 1093 1854 1149 sed
1870 1093 1901 1150 in

176 1189 203 1244 8.
219 1186 288 1243 Tres
312 1199 379 1256 ergo
401 1180 450 1239 isti
470 1178 649 1251 patriarche,
667 1175 825 1245 Abrabam,
849 1177 939 1240 baso,
964 1176 993 1229 et
1045 1171 1192 1244 prioribus
1207 1171 1316 1229 nostrie
1332 1171 1463 1244 patribus
1478 1187 1512 1229 ee
1524 1173 1756 1247 consideremus,
1768 1180 1838 1252 quie
1851 1181 1902 1239 he·

157 1273 322 1331 scabiem
339 1271 431 1327 nostis
442 1267 495 1323 lilii
508 1266 599 1324 leoob
615 1264 683 1338 quie
698 1263 851 1321 duodecim
862 1263 991 1331 luerunt,
1046 1258 1172 1318 buerunt
1186 1264 1215 1317 et
1239 1259 1281 1316 illi
1297 1261 1352 1317 iste
1376 1265 1483 1334 quator
1494 1276 1610 1334 genere.
1625 1262 1678 1322 Per
1697 1266 1791 1325 bonos
1805 1270 1874 1328 boni
1893 1288 1900 1326 :

140 1372 167 1422 et
181 1362 250 1421 inde
265 1359 386 1433 populus
402 1356 488 1414 lsrael
502 1373 509 1412 :
524 1355 594 1429 quie
607 1354 671 1426 ipse
683 1353 774 1411 Jacob
789 1350 890 1420 lsrael,
901 1357 930 1407 et
941 1366 991 1423 po·
1045 1349 1175 1408 Ananias
1198 1348 1321 1407 Paulum
1344 1349 1503 1422 baptizavit
1525 1351 1595 1423 (Act.
1612 1369 1652 1424 ιι,
1678 1355 1734 1428 18).
1750 1357 1823 1423 Quid
1849 1376 1902 1432 per

141 1454 228 1528 putus
242 1451 330 1509 lsrael
345 1449 441 1505 tribus
455 1444 620 1513 duodecim,
635 1445 813 1515 pertinentes
831 1440 868 1498 ed
882 1440 993 1498 duode-
1046 1437 1141 1495 malos
1160 1436 1253 1495 melli
1270 1438 1348 1496 llicit
1360 1438 1517 1511 Apostolus
1534 1442 1679 1512 quosdam
1695 1446 1901 1516 predicatores

140 1543 198 1601 eim
214 1542 291 1598 lilios
307 1538 405 1595 lsrael.
426 1535 582 1598 Abraham,
600 1534 691 1600 lseac,
708 1537 737 1589 et
750 1531 853 1599 Jacob,
869 1539 926 1587 tres
942 1546 992 1602 ps·
1046 1526 1202 1599 Evangelii,
1224 1545 1299 1601 quoe
1324 1528 1396 1585 dicit
1420 1545 1477 1586 uon
1506 1535 1585 1587 oaste
1608 1535 1785 1592 annuntiare
1809 1535 1902 1595 solere

141 1640 209 1702 tros,
220 1635 249 1688 et
266 1628 391 1702 populus
406 1643 483 1683 uuus
497 1624 518 1682 ¹.
534 1624 603 1681 Tres
615 1629 711 1696 patres
725 1627 865 1695 tauquam
877 1622 905 1677 in
917 1622 994 1692 prin·
1047 1614 1246 1688 Euangeliurn,
1259 1632 1334 1689 quos
1358 1616 1462 1673 toleret
1476 1617 1506 1673 io
1529 1619 1668 1678 societate
1682 1621 1855 1694 christiane,
1871 1629 1902 1683 et

141 1720 217 1795 oipio
232 1717 423 1793 popuii;tres
436 1720 532 1787 patres
547 1713 577 1768 in
593 1710 993 1786 qulbusllgurabeturpopu·
1046 1708 1125 1775 dicit,
1147 1708 1224 1777 Quid
1245 1708 1344 1764 enim?
1370 1706 1437 1762 dam
1457 1711 1532 1763 omni
1554 1709 1643 1778 modo,
1668 1712 1726 1770 uve
1748 1718 1901 1783 occasione,

139 1810 204 1867 lus:
214 1813 243 1865 et
254 1804 376 1880 populus
385 1806 448 1877 ipse
459 1805 548 1876 prior,
558 1818 683 1875 praeseus
694 1798 830 1874 populus.
843 1801 874 1856 ln
887 1798 992 1871 populo
1046 1797 1103 1853 siue
1112 1794 1365 1852 venitoteetrtstas
1374 1794 1600 1868 asnamietumt
1609 1799 1813 1873 intoapaadco
1825 1805 1902 1874 (ett-

141 1900 218 1957 euim
232 1899 399 1954 iubeorum
411 1893 603 1965 figuretusest
613 1888 738 1964 populus
748 1888 991 1946 Christianorum.
1047 1888 1113 1959 tipp.
1126 1903 1145 1955 ι,
1161 1885 1219 1962 18).
1243 1885 1394 1958 Numquid
1423 1887 1583 1945 malevolus
1607 1894 1679 1960 erat,
1696 1895 1726 1948 et
1748 1894 1784 1951 de
1804 1896 1901 1953 alieno

141 1989 184 2045 lbi
208 1988 310 2059 ligura,
332 1984 381 2041 hie
401 1983 527 2040 veritam
556 1982 596 2036 ibi
621 1981 735 2045 umbra,
751 1978 799 2035 bic
815 1994 933 2051 corpus,
944 1977 993 2033 di·
1047 1974 1125 2033 malo
1139 1974 1310 2048 gaudebat?
1324 1974 1379 2032 Sed
1391 1975 1461 2047 quia
1474 1980 1504 2033 et
1517 1977 1668 2048 permelos
1682 1997 1782 2039 uerum
1798 1987 1904 2056 predi·

140 2083 225 2136 cente
244 2075 392 2147 Apostolo,
407 2073 472 2130 llaec
490 2076 583 2127 cauta
597 2070 628 2126 iu
641 2070 732 2140 figura
749 2069 943 2141 contingebant
957 2068 993 2123 il·
1047 2064 1177 2135 uebatur,
1188 2072 1215 2123 et
1230 2081 1282 2137 per
1297 2064 1441 2121 melorum
1453 2081 1503 2121 ora
1518 2065 1648 2126 cbristus
1662 2071 1899 2143 praedicebatur3

140 2169 185 2225 tie.
211 2167 273 2224 Vox
288 2171 333 2222 est
355 2162 484 2237 Apostoli
501 2179 509 2218 :
531 2162 642 2234 Scripta
665 2166 741 2229 auat,
765 2160 870 2231 iuquit,
884 2165 995 2232 propter
1047 2155 1072 2212 si
1087 2170 1161 2227 quos
1172 2155 1220 2210 isti
1235 2154 1280 2210 sui
1292 2151 1402 2211 similes
1412 2153 1610 2227 baptizabant,
1622 2157 1690 2215 moli
1701 2158 1902 2235 melosbepti·

141 2274 200 2329 nor,
221 2258 251 2313 id
273 2270 339 2327 quos
361 2256 425 2326 fiais
444 2253 607 2309 secueram
627 2251 737 2308 obvenit
759 2248 783 2319 (l
805 2248 865 2305 Cur.
885 2266 915 2313 x,
938 2250 993 2320 lt).
1046 2242 1902 2320 nabent:siquoeistibaptizabaottales,quelesadmonet

35 2398 38 2403 .
140 2350 281 2406 Recurrat
296 2361 374 2401 nunu
388 2343 505 2401 enimus
519 2347 616 2399 vester
626 2342 662 2398 ad
683 2339 842 2407 Abraham,
856 2343 948 2406 isaac,
965 2345 994 2395 et
1046 2335 1187 2393 Dominus
1197 2349 1265 2391 oum
1279 2334 1358 2403 dicit,
1376 2334 1443 2403 ουκ
1457 2335 1552 2392 dicum
1564 2338 1841 2409 ladtctquaeoutcm
1858 2346 1903 2412 pa.

139 2438 238 2496 Jacob.
251 2438 281 2494 ln
298 2437 361 2493 istis
373 2432 643 2491 tribusinvenimus
654 2429 882 2505 parereliberes,
894 2444 993 2501 parere
1046 2423 1134 2492 cium,
1143 2425 1235 2496 [ocae
1252 2422 1339 2479 notite
1355 2421 1461 2495 (battle.
1482 2439 1564 2491 xxur,
1578 2425 1620 2498 3),
1634 2426 1704 2482 mali
1728 2428 1822 2485 bonos
1846 2429 1902 2486 bs·

139 2533 169 2585 et
182 2526 304 2585 noeillas
321 2542 328 2580 :
343 2523 510 2581 invenimus
520 2522 560 2579 ibi
577 2530 676 2594 pertus
692 2521 865 2589 liberarum,
880 2517 993 2574 inveni·
1048 2512 1207 2584 ptiznbent.
1223 2512 1294 2568 Boni
1310 2511 1403 2568 mdes
1423 2511 1622 2585 baptizabant,
1637 2517 1784 2588 quomodo
1799 2534 1817 2573 a
1832 2518 1903 2574 Phl-

142 2633 207 2673 mus
222 2616 261 2671 ibi
277 2618 306 2670 et
328 2620 425 2684 partus
447 2610 630 2666 ancillarum.
644 2608 758 2666 Ancilla
777 2607 850 2663 nihil
870 2606 938 2662 boni
950 2605 993 2662 si·
1047 2601 1126 2674 lippo
1137 2606 1236 2658 saneto
1246 2600 1348 2656 Simon
1359 2615 1463 2672 magus
1474 2600 1637 2673 baptizatus
1647 2605 1901 2679 connaturale).

141 2704 261 2776 gnificat
277 2717 283 2756 :
307 2700 379 2769 diice
404 2698 546 2766 ancilium,
563 2696 667 2768 inquit,
682 2704 709 2752 et
731 2696 822 2765 filiam
846 2695 925 2766 ajam
938 2709 993 2750 non
1047 2691 1121 2748 Nota
1135 2695 1205 2747 sunt
1219 2706 1287 2762 ergo
1303 2691 1360 2747 iste
1375 2692 1479 2762 quator
1492 2706 1609 2765 genera,
1626 2692 1731 2751 iratres
1746 2694 1811 2753 mei.
1829 2696 1903 2753 llooe

141 2796 215 2851 enim
230 2791 315 2846 taras
326 2792 380 2845 erit
394 2789 469 2858 fitius
483 2787 595 2842 orratlae
605 2799 668 2841 earn
676 2785 737 2855 filio
753 2784 859 2842 liberte.
874 2787 993 2853 Aposto·
1048 2780 1152 2837 iterum
1168 2796 1200 2836 ea
1215 2784 1325 2852 repeto,
1337 2784 1433 2837 tenete
1447 2779 1508 2843 itu,
1525 2788 1677 2840 numerate
1687 2782 1748 2855 ille,
1759 2784 1901 2843 advertite

141 2879 253 2937 losboe
268 2879 479 2934 commemoret
490 2893 498 2939 ς
509 2883 537 2931 et
548 2875 577 2930 io
589 2874 649 2930 illis
659 2874 772 2931 duobus
783 2876 851 2932 liliis
861 2874 993 2944 Abraba,
1048 2870 1114 2942 illa,
1126 2877 1224 2928 cavete
1234 2886 1297 2943 quc
1308 2870 1387 2927 malo
1396 2880 1476 2943 sunt,
1490 2877 1582 2929 tenete
1594 2889 1660 2945 que
1671 2874 1746 2931 bona
1756 2880 1833 2931 suot.
1846 2876 1903 2932 Per

141 2969 213 3026 dicit
228 2965 375 3040 apostolus
390 2965 482 3021 luisse
507 2967 628 3035 liguram
653 2965 779 3021 duorum
794 2965 993 3021 Testamentu-
1047 2960 1140 3018 bonoa
1161 2962 1231 3018 boni
1253 2965 1426 3028 nascuntur,
1442 2978 1510 3017 eum
1530 2978 1580 3033 per
1604 2973 1721 3022 sanctos
1741 2968 1835 3023 sancti
1849 2968 1901 3024 ba·

142 3076 219 3125 rom,
235 3057 347 3114 Veteris
362 3061 390 3113 et
404 3056 487 3111 Novi.
504 3055 546 3109 Ad
562 3054 653 3112 Vetus
667 3056 887 3112 Testamentum
904 3056 994 3127 perti·
1048 3054 1196 3124 ptiesntur
1212 3067 1219 3107 ι
1236 3066 1286 3123 per
1310 3049 1402 3107 melos
1426 3048 1506 3119 mali,
1521 3067 1587 3109 cum
1603 3055 1698 3125 etqui
1713 3054 1903 3126 baptisantet

143 3152 215 3206 nent
238 3146 394 3203 dilectores
416 3143 633 3215 temporalium,
647 3144 801 3201 dilectores
821 3144 920 3201 seculi
936 3161 943 3199 ε
957 3146 993 3201 sd
1048 3140 1098 3213 qui
1120 3141 1314 3213 baptizantur,
1329 3139 1430 3211 inique
1453 3148 1481 3196 et
1496 3140 1587 3214 impie
1607 3143 1725 3213 vivunt,
1742 3161 1794 3215 per
1808 3143 1902 3202 melos

142 3237 254 3294 Nurum
263 3238 482 3291 Testamentum
494 3232 647 3289 dilectores
657 3232 722 3288 rite
733 3242 856 3290 eterne.
869 3231 935 3289 ideo
945 3232 995 3290 ills
1047 3229 1128 3297 boui,
1144 3244 1210 3285 oum
1231 3227 1301 3283 mali
1315 3232 1386 3284 suut
1406 3228 1456 3299 qui
1472 3227 1641 3301 beptiosnt;
1657 3234 1687 3288 et
1700 3231 1769 3288 boni
1785 3233 1835 3304 qui
1851 3233 1903 3289 be·

33 3378 36 3391 ,
141 3323 304 3382 Jerusalem
320 3322 350 3378 in
373 3330 459 3389 terra,
476 3322 581 3378 umbre
603 3327 664 3376 erat
686 3321 813 3377 coelestis
832 3320 994 3378 ierusalem
1049 3317 1195 3389 ptineotur
1211 3333 1218 3372 ε
1235 3333 1286 3389 per
1301 3317 1393 3373 bonos
1408 3315 1564 3384 malicum
1576 3320 1645 3376 boui
1660 3325 1730 3378 suut
1744 3320 1793 3393 qui
1810 3321 1906 3392 bapti·

142 3414 246 3471 matris
265 3412 400 3470 omnium
425 3414 571 3477 nostrum,
586 3425 650 3482 quae
671 3416 716 3465 est
730 3410 759 3465 in
775 3410 846 3467 coelo
863 3415 912 3467 :et
933 3412 995 3469 baec
1048 3415 1126 3478 aaut,
1142 3415 1170 3464 et
1185 3406 1254 3464 mall
1268 3407 1319 3478 qui
1334 3406 1529 3479 baptizantur.

103 3576 106 3583 Ι
141 3501 271 3576 Apostoli
294 3500 380 3557 verba
402 3504 472 3557 sunt
485 3499 564 3572 (Gen.
579 3516 638 3567 ιιι,
655 3501 707 3567 1ος
728 3499 816 3556 Galat.
832 3517 870 3567 rr,
886 3500 994 3571 22³0).
1086 3496 1906 3567 lt).0uomodoinreoimusiateintriberistisoomioibus,

38 3664 41 3669 Ι
142 3593 178 3650 et
190 3593 226 3650 de
240 3591 297 3648 ieta
311 3591 425 3646 civitate
441 3591 517 3646 uode
532 3590 762 3663 peregrinamur,
781 3589 874 3647 multo
889 3591 994 3661 nostis,
1048 3589 1179 3658 doceam
1202 3587 1526 3656 constantianum
1548 3588 1676 3656 lroac,ct
1699 3591 1772 3646 Desa
1793 3590 1906 3646 iacob?

143 3682 236 3741 multe
248 3681 312 3752 jem
325 3678 461 3736 audistis.
480 3679 648 3736 lovenimue
662 3684 760 3738 eutem
771 3695 833 3736 rem
847 3679 950 3736 mirem
964 3680 995 3736 in
1050 3685 1180 3743 Ancillas
1193 3685 1357 3756 accipimus
1367 3685 1395 3741 io
1413 3684 1510 3755 malis,
1521 3684 1628 3742 liberes
1642 3685 1842 3758 recipimuein
1853 3691 1906 3744 bo·

143 3770 208 3829 istis
219 3769 403 3844 partubue,id
413 3776 456 3825 est
471 3769 500 3823 io
516 3769 581 3826 istis
592 3769 747 3836 letibus,iu
758 3769 996 3843 lstisgeoeratio-
1049 3777 1115 3833 nis:
1132 3777 1250 3848 pariunt
1264 3776 1361 3832 liberae
1377 3776 1487 3844 bonoe;
1503 3779 1583 3833 serat
1600 3776 1714 3849 peperit
1729 3777 1809 3834 lsaao
1820 3776 1902 3849 (den.

142 3860 230 3916 uibus
241 3858 399 3915 liberarum
410 3856 761 3930 etencillarum,quetuor
771 3857 997 3930 scilicetgeoere
1049 3882 1108 3933 ιιι,
1125 3866 1154 3935 3)
1170 3882 1177 3921 ε
1194 3864 1310 3937 pariunt
1325 3862 1438 3920 ancilla
1454 3864 1548 3921 malos
1559 3865 1654 3936 3Agsr
1669 3865 1782 3938 peperit
1795 3868 1905 3923 lemael

142 3947 296 4006 bominum
315 3946 489 4017 :inquibus
512 3947 817 4018 quatuorgeneribue,
834 3947 997 4020 completur
1049 3955 1103 4029 (ld.
1128 3970 1186 4020 ινι,
1212 3953 1265 4024 15).
1291 3951 1437 4009 Habemus
1460 3953 1491 4009 in
1516 3968 1574 4010 uno
1602 3952 1749 4010 Abrabam
1773 3962 1801 4011 et
1828 3954 1906 4011 illud

144 4038 239 4111 ligura
253 4036 345 4093 luturi
357 4035 455 4107 populi
470 4034 734 4103 christiani,utoon
745 4036 784 4092 sit
800 4036 906 4093 mirum
918 4041 995 4110 quod
1050 4059 1144 4117 genus
1168 4058 1236 4099 eum
1261 4057 1313 4113 per
1327 4041 1420 4099 booos
1436 4043 1515 4110 boni,
1531 4047 1561 4098 et
1574 4041 1646 4098 illud
1660 4057 1754 4112 genus
1767 4058 1835 4101 eom
1852 4060 1908 4117 per

142 4125 173 4183 in
190 4126 249 4183 illis
266 4126 357 4182 tribus
372 4125 549 4193 dictumest,
564 4126 619 4196 ligo
637 4141 699 4181 aum
720 4127 789 4181 Deus
808 4126 957 4195 Abrabam,
972 4132 998 4184 et
1050 4133 1140 4189 melos
1158 4130 1237 4189 mali.
1251 4130 1305 4187 Per
1319 4132 1411 4187 bonos
1423 4131 1492 4187 mali
1504 4130 1554 4188 ubi
1569 4130 1687 4202 liguroti
1698 4132 1907 4190 suutibibere

144 4217 215 4273 Deae
230 4219 321 4283 isaac,
335 4222 360 4270 et
375 4214 446 4269 Deae
460 4215 555 4270 lacot.
571 4215 604 4270 lu
614 4213 751 4270 omnibus
766 4216 844 4270 enim
857 4214 998 4273 Christia-
1050 4226 1112 4279 erat
1136 4221 1265 4279 lisbecca
1288 4237 1360 4277 uxor
1383 4220 1464 4278 leuse
1480 4236 1487 4275 ε
1509 4220 1607 4293 legite,
1623 4220 1736 4291 peperit
1758 4223 1905 4293 geminos,

143 4304 202 4371 nis,
218 4303 324 4359 tratres
336 4300 489 4369 intendite,
508 4305 559 4357 out
573 4300 726 4372 permslos
741 4306 902 4358 nascuntur
916 4303 995 4366 boni.
1051 4327 1129 4368 unns
1144 4318 1205 4368 erat
1219 4309 1321 4379 banus,
1337 4308 1411 4365 alter
1425 4308 1531 4366 malus.
1547 4308 1643 4365 Hebes
1657 4314 1757 4380 aperte
1772 4309 1908 4384 Scriptu-

143 4397 196 4450 sut
216 4408 268 4464 per
282 4391 375 4447 bonos
390 4398 553 4447 nascuntur
573 4389 653 4455 urnii,
670 4394 720 4447 eut
735 4407 786 4463 per
805 4391 897 4451 bouos
916 4394 996 4463 boul,
1051 4418 1112 4459 ram
1129 4401 1273 4458 dicantem
1290 4400 1339 4457 liei
1354 4398 1525 4466 recederat
1540 4398 1640 4466 dilect,
1653 4397 1725 4453 erae
1738 4405 1832 4455 ostem
1841 4400 1908 4458 adio

143 4487 195 4542 aut
209 4498 259 4554 per
269 4478 363 4539 melos
378 4480 445 4537 meli
459 4495 467 4536 ι
483 4479 612 4553 emption
627 4481 690 4538 istis
700 4486 827 4553 quatuor
840 4486 998 4556 generibus
1051 4491 1137 4548 babai
1159 4489 1291 4560 (flataclt.
1306 4505 1327 4556 1,
1342 4489 1371 4560 2,
1385 4488 1423 4552 3,·
1438 4488 1514 4545 Rom.
1530 4504 1570 4557 ιι,
1588 4487 1644 4559 13).
1656 4486 1732 4543 letos
1754 4489 1831 4547 duos
1853 4505 1907 4563 ge·

145 4590 202 4628 non
215 4571 336 4645 potestis
347 4570 487 4629 invenire.
499 4572 568 4639 oure
580 4572 686 4629 iterum
697 4576 997 4647 repetem,edvertite,
1051 4580 1118 4638 nuit
1142 4578 1282 4646 Rebecca,
1310 4576 1399 4633 Jacob
1413 4581 1443 4633 et
1463 4577 1538 4634 &aa
1555 4593 1563 4633 z
1583 4592 1662 4633 uuus
1685 4574 1754 4633 iude
1777 4577 1908 4651 eligitur,

145 4660 288 4726 retinete;
303 4661 427 4717 excutite
438 4661 525 4717 corda
539 4669 642 4729 rutra,
659 4660 748 4718 nolite
761 4661 836 4737 pigri
849 4679 912 4721 esse
926 4680 934 4722 z
949 4682 996 4723 oa·
1052 4669 1128 4729 alius
1151 4667 1324 4740 reprobetur
1336 4671 1344 4704 ¹
1358 4684 1366 4735 ;
1391 4684 1469 4725 unos
1492 4670 1623 4727 euocedit
1646 4666 1677 4724 in
1695 4667 1908 4739 hereditatem,

145 4750 212 4821 pite,
223 4765 258 4804 oe
273 4750 443 4820 capiamini,
453 4753 595 4823 quomodo
606 4756 843 4824 quatuorgeosra
857 4760 998 4814 suotom·
1051 4758 1125 4817 elter
1137 4756 1346 4814 exhaeredatur.
1359 4757 1422 4814 Non
1439 4759 1508 4815 lecit
1522 4759 1664 4832 populum
1680 4774 1768 4818 suum
1779 4762 1856 4815 Deus
1871 4759 1908 4815 de

145 4839 226 4896 nium
238 4836 480 4896 Christianorum.
497 4843 555 4896 Aut
569 4857 621 4913 per
630 4842 723 4899 bonos
740 4851 903 4900 nascuntur
917 4847 995 4915 boni,
1052 4849 1148 4917 liseu3
1164 4846 1213 4905 sed
1230 4846 1300 4903 iecit
1313 4847 1348 4903 de
1366 4846 1466 4903 Jacob.
1481 4850 1586 4904 Semen
1611 4866 1716 4919 unum,
1731 4845 1840 4905 diversi
1854 4847 1908 4919 qui

144 4933 195 4989 sut
210 4945 262 5002 per
277 4925 371 4983 melos
392 4934 555 4986 nascuntur
575 4931 654 5000 mali,
670 4935 722 4987 sut
737 4947 789 5003 per
806 4932 898 4992 bonos
918 4936 998 5009 mali,
1052 4939 1184 5009 concepti
1208 4941 1280 4993 eunt
1296 4952 1303 4992 :
1319 4942 1419 4993 uterus
1443 4952 1532 5003 uuus,
1549 4936 1656 4995 diversi
1680 4938 1732 5011 qui
1746 4935 1808 4994 neti
1824 4938 1906 4992 sunt.

145 5024 196 5080 eut
211 5035 260 5091 per
274 5017 367 5075 melos
384 5017 463 5074 boni.
475 5019 547 5078 Puto
561 5021 629 5092 quia
641 5021 759 5094 plenum
776 5027 831 5078 est.
842 5014 999 5084 Perbonos
1052 5027 1202 5100 Numquid
1214 5042 1272 5084 uon
1288 5026 1379 5083 libere
1389 5024 1500 5098 peperit
1508 5027 1608 5097 Jacob,
1619 5042 1682 5098 qua
1692 5027 1784 5084 libera
1794 5024 1909 5097 peperit

145 5109 231 5168 boui:
252 5107 276 5166 si
294 5106 387 5179 etqui
403 5108 640 5181 baptizant,booi
650 5113 737 5179 suut;
749 5109 836 5182 etqui
847 5111 999 5185 baptizan-
1052 5118 1152 5177 Esau?
1166 5116 1363 5173 luctabantur
1381 5115 1412 5172 io
1427 5120 1528 5172 ventre
1546 5117 1648 5174 metris
1664 5133 1735 5185 sue,
1750 5125 1779 5172 ot
1793 5113 1909 5171 dictum

146 5206 204 5269 tur,
219 5204 296 5258 reote
316 5201 449 5268 credunt,
465 5204 493 5257 et
517 5202 546 5258 io
562 5200 701 5257 membris
719 5200 827 5258 Christi
848 5209 928 5263 recte
942 5223 1001 5262 ou·
1052 5213 1097 5265 eet
1108 5207 1255 5276 Rebeccae,
1266 5219 1332 5262 cum
1346 5203 1386 5261 ibi
1401 5203 1592 5276 luctarentur,
1606 5208 1665 5263 lluo
1679 5205 1777 5278 papali
1791 5209 1860 5261 aust
1875 5202 1908 5259 in

147 5296 304 5348 morentur.
322 5290 373 5348 Per
388 5291 480 5348 melos
495 5291 584 5347 meli:
599 5290 624 5346 si
639 5294 669 5347 et
688 5292 737 5364 qui
753 5291 912 5364 baptizant,
930 5296 999 5352 niati
1040 5306 1129 5353 -atero
1144 5301 1191 5351 tuo
1209 5293 1288 5366 (teo.
1305 5310 1371 5361 xxv,
1383 5293 1492 5364 22-2l).
1516 5293 1579 5350 Duo
1602 5293 1747 5363 homines,
1771 5293 1831 5348 duo
1857 5308 1909 5365 po-

147 5382 218 5434 suot
231 5398 240 5448 ς
254 5391 283 5435 οι
298 5380 349 5451 qui
365 5380 562 5452 baptizantur,
573 5381 684 5454 duplici
704 5382 791 5438 corde
805 5385 948 5440 accedunt
962 5387 998 5442 sd
1053 5387 1134 5460 puli3
1151 5386 1244 5443 bouus
1259 5384 1396 5458 populus,
1411 5385 1507 5442 malus
1527 5385 1654 5458 populus
1670 5402 1678 5441 :
1693 5385 1744 5442 sed
1761 5388 1862 5440 umen
1878 5381 1910 5439 in

148 5464 253 5532 Deum,
269 5470 297 5521 et
312 5482 368 5523 non
384 5472 485 5528 tenent
498 5488 548 5529 eos
563 5487 660 5528 mores
674 5482 751 5542 quos·
765 5470 890 5528 audiunt
904 5472 934 5530 in
945 5474 1000 5530 lle·
1055 5492 1113 5534 uno
1127 5481 1229 5534 ventre
1248 5476 1405 5533 luctantur.
1426 5476 1532 5543 Quanti
1547 5476 1617 5534 meli
1632 5479 1704 5533 sunt
1722 5474 1753 5531 iu
1767 5472 1910 5545 Ecclesia,

181 5590 191 5625 ι
207 5589 236 5640 1„
254 5590 316 5641 g...
332 5589 375 5640 bie
391 5599 453 5656 po„
468 5610 569 5661 mem,
584 5599 671 5658 'mg'
687 5612 742 5651 m
758 5598 875 5662 mmm,
890 5603 999 5664 mm,
1054 5571 1084 5622 et
1098 5582 1175 5623 unus
1191 5571 1292 5623 uterus
1307 5570 1415 5639 portet,
1433 5567 1568 5625 donacio
1585 5566 1643 5623 line
1659 5565 1842 5623 discernatur
1858 5579 1866 5619 :
1882 5565 1911 5620 et

134 5658 324 5717 .tres,·ueque,
340 5666 414 5714 unu,
429 5663 489 5718 post
502 5673 590 5721 noceo
607 5666 632 5713 et
645 5664 764 5728 popular.
1086 5665 1094 5700 ¹
1110 5665 1183 5727 Hes,
1198 5663 1370 5729 improbatur.
