3952 6150
117 4418 130 4441 ³
205 4423 258 4471 εει.
272 4417 303 4472 ln
324 4419 415 4472 Deum
432 4418 513 4473 enim
527 4416 656 4481 credere,
673 4423 810 4472 nostrum
830 4417 960 4489 incipere
975 4426 1026 4475 est.
1084 4427 1177 4475 morte
1195 4420 1317 4477 mulctet
1338 4423 1482 4479 secunda.

230 172 298 228 2351
614 192 627 209 ·
753 157 990 237 QUAESTIONES
1009 158 1057 220 Ex
1077 161 1246 234 UTROQUE
1266 159 1409 222 MlXTlM.
1878 166 1941 228 2352

230 294 450 367 antiquitasaut
464 295 546 349 retus
554 290 740 350 consuetudo
748 289 923 364 praejudicet
932 288 1056 347 veritati.
1111 287 1169 345 bus
1180 288 1219 346 ad
1229 289 1317 347 istam
1332 289 1381 344 Dei
1392 288 1604 371 cognitionem.
1622 292 1762 363 Quiergo
1789 296 1939 365 cognorit,

230 366 354 422 Possem
366 366 444 421 enim
459 365 628 431 homicidae,
646 373 697 420 aut
713 362 828 426 molles,
854 368 904 418 aut
919 360 1054 427 acutiori.
1112 359 1169 415 sub
1184 360 1269 417 initio
1281 366 1340 417 est:
1361 376 1412 434 qur
1428 368 1527 417 autern
1542 363 1746 432 cognoscitur,
1762 380 1863 436 supra
1892 366 1942 424 ini·

229 438 275 493 vel
286 440 384 493 caeteri
399 436 551 493 criminosi
567 452 619 508 per
634 436 690 491 hoc
706 434 868 490 illicitasua
884 432 1055 497 defendere,
1111 432 1185 487 tium
1198 438 1252 487 est.
1267 433 1940 503 OnaigiturrationePaganilegemsuamante

229 511 301 581 quia
315 510 441 581 antiqua
455 514 535 573 sunt,
551 514 578 562 et
588 508 626 562 ab
641 508 706 577 ipso
722 505 825 561 mundi
837 505 920 560 initio
934 511 1033 575 coepta
1047 521 1054 573 ;
1110 502 1215 559 dicunt
1227 502 1414 574 fuissequam
1424 511 1557 560 nostram
1568 504 1582 559 i
1593 507 1941 567 SimundusauteDeum

229 580 377 636 cumhinc
389 578 653 649 magisintelligere
666 576 1053 640 deberenterroremsuum‚
1111 580 1164 639 est,
1181 578 1262 646 quod
1279 574 1367 640 absit,
1383 575 1407 630 si
1427 577 1534 656 poterit
1556 582 1584 632 et
1610 577 1774 646 paganitas
1799 583 1940 652 anteponi

228 651 390 724 quiaquod
400 649 664 722 reprehensibileet
675 654 760 719 turpe
771 651 826 716 est,
834 646 910 703 male
924 653 1055 718 ooeptum
1111 645 1334 701 Christianitati.
1347 646 1438 701 Nemo
1450 650 1572 703 mrretur
1586 646 1624 704 de
1634 648 1761 729 nomine
1771 647 1941 709 Christiani·

229 723 374 795 probatur
391 722 492 792 ;qnod
504 725 604 776 autem
618 720 777 776 honestum
796 725 825 775 et
847 725 984 774 sanctum
1000 723 1053 783 est;
1111 717 1188 772 tatis.
1205 718 1339 773 Estenim
1354 716 1449 772 colere
1464 734 1556 773 unum
1571 720 1663 774 [teum
1680 735 1710 775 ιε
1725 723 1875 793 mysterio
1887 725 1941 780 Tri·

229 793 430 865 dignecolitur
447 808 453 847 :
481 808 535 847 nec
552 808 640 863 posse
662 797 747 863 turpe
772 796 800 846 et
823 788 1054 861 reprehensibile
1110 789 1306 854 nitatisonod
1318 789 1460 844 sinomen
1473 789 1578 844 Christi
1589 796 1710 860 putatur
1721 792 1939 863 exchrismate,

229 872 298 921 aute
313 864 424 919 lactum
445 879 511 918 esse
527 863 686 919 honestum
696 867 725 917 et
740 860 1008 933 irreprehensibile.
1022 861 1056 916 lit
1109 860 1240 915 nominis
1255 866 1354 915 tamen
1366 860 1443 916 ratio
1454 866 1524 916 aute
1536 860 1664 919 chrisma
1673 864 1832 937 estApud
1847 866 1940 940 majo-

228 935 267 992 ad
280 942 456 1001 extremum,
477 937 666 1003 Paganorum
689 933 806 989 traditio
827 933 865 988 nb
879 932 999 987 homine
1010 933 1054 987 in·
1109 946 1156 985 res
1170 932 1250 987 enim
1264 935 1391 995 nostros,
1405 932 1497 1002 quiin
1515 947 1599 1003 reges
1616 934 1827 1005 ungebantur,
1841 938 1939 995 christi

227 1013 318 1061 venta
334 1008 505 1075 negarinon
519 1011 616 1077 potest
633 1018 639 1056 :
654 1005 726 1076 quia
740 1011 839 1060 autem
855 1009 957 1059 nostra
972 1002 1054 1058 [ειε
1109 1001 1304 1069 vocabantur,
1325 1002 1470 1058 habentes
1489 1003 1652 1076 imaginem
1672 1005 1787 1062 Christi
1815 1012 1939 1075 recturi,

229 1080 288 1133 Deo
303 1079 374 1132 alata
388 1083 444 1144 est,
458 1077 579 1132 evidens
593 1091 637 1131 res
648 1076 741 1131 estin
754 1083 854 1131 monte
867 1076 946 1129 enirn
962 1090 1054 1145 appa·
1107 1074 1260 1199 gailanae
1274 1073 1312 1128 de
1328 1076 1386 1128 [teo
1409 1074 1496 1129 Patre
1514 1075 1551 1155 ¹in
1579 1090 1681 1158 regem
1696 1092 1768 1157 ‘non
1791 1077 1940 1159 immerito

227 1149 285 1204 ruit
299 1148 499 1219 majestasDei
514 1149 551 1203 ad
566 1147 701 1203 dandam
713 1147 818 1218 Legem
830 1145 1012 1201 hominibus.
1022 1147 1054 1200 Et
1130 1146 1238 1199 hristus
1253 1144 1421 1214 appellatur
1435 1161 1443 1209 ;
1468 1147 1637 1218 quaequod
1654 1151 1719 1202 rstrs
1731 1149 1884 1218 chrisma,
1903 1152 1939 1208 illi

228 1225 258 1274 ut
269 1219 338 1275 huic
349 1222 423 1274 tides
436 1221 532 1291 possit
546 1219 658 1283 haberi,
675 1219 909 1288 praemisitsigna
928 1215 1015 1271 rnnita
1025 1221 1054 1271 et
1107 1215 1189 1271 dedit
1207 1217 1362 1272 nativitas:
1375 1232 1465 1288 qucm
1487 1217 1633 1289 quamdiu
1648 1219 1797 1299 ignorant
1819 1224 1938 1292 Pagani,

249 1291 365 1360 rodigra
377 1291 456 1346 iacta
469 1292 498 1345 in
514 1291 657 1361 AEgypto,
673 1290 755 1362 quod
768 1289 857 1344 hodie
882 1302 1003 1360 quoque
1018 1287 1054 1342 li·
1106 1286 1284 1357 reprobant;
1299 1303 1368 1342 cum
1381 1291 1480 1343 autern
1497 1290 1940 1362 cognoverint,diligentiusex·

226 1306 271 1417 Eri
287 1367 433 1418 testantur
445 1379 463 1417 a
474 1363 632 1416 Ptolomaeo
647 1359 791 1416 reconditi
814 1361 844 1415 in
871 1358 1053 1415 bibliotheca
1106 1361 1216 1422 colunt,
1228 1359 1393 1440 gaudentes
1406 1359 1477 1429 qnia
1493 1359 1530 1414 de
1540 1361 1621 1439 malo
1633 1361 1822 1442 transierunt
1837 1365 1877 1420 ad
1889 1366 1940 1422 bo-

227 1433 441 1490 Alexandrina.
458 1432 504 1488 Sic
519 1446 590 1500 ergo
606 1433 712 1502 Legem
724 1432 866 1500 dignatus
878 1434 923 1485 est
936 1430 1054 1496 dare,ut
1107 1445 1190 1484 num.
1208 1431 1261 1494 Qua
1277 1445 1356 1484 emm
1373 1445 1402 1484 rn
1417 1435 1511 1485 ratam
1525 1429 1673 1488 incolcet
1687 1439 1798 1504 inepta
1811 1438 1937 1506 pertina-

225 1519 315 1559 naruo
331 1505 496 1572 ambigeret
518 1506 608 1558 baum
633 1504 767 1573 assequi
798 1501 928 1557 tradidit.
947 1501 1052 1557 Palam
1106 1499 1939 1572 ceslueruntzquandofortioresetvehementioreeerunl

225 1577 305 1630 enirn
319 1581 348 1630 et
361 1574 518 1630 manifeste
538 1574 600 1629 visa
615 1578 662 1628 est
674 1572 815 1629 omnibus
832 1573 973 1643 majestas
990 1573 1048 1638 liei,
1105 1573 1224 1639 cognita
1237 1570 1695 1642 veritatelorralisergoChristus
1710 1585 1821 1633 noster
1832 1580 1938 1652 est,qui

226 1651 307 1701 tauto
322 1646 436 1716 fulgore
449 1652 476 1700 et
484 1651 605 1710 terrore,
620 1650 652 1699 ut
662 1645 751 1700 etiam
766 1650 950 1715 praeteream
961 1659 1050 1699 uerno
1104 1656 1172 1697 curn
1191 1645 1330 1708 nascitur,
1348 1644 1448 1699 oditur
1461 1660 1469 1709 ;
1480 1659 1549 1700 cum
1561 1647 1771 1716 cognoscitur,
1788 1658 1911 1706 amatur
1926 1652 1939 1707 ι

223 1717 386 1773 ειιεεῦεεε
402 1716 581 1780 crederetur,
598 1715 846 1788 etquodjubebat
860 1714 1050 1770 omniobser-
1105 1715 1178 1768 Nam
1192 1715 1290 1770 omnis
1307 1713 1478 1770 maiuscum
1491 1715 1631 1782 nescitur,
1647 1722 1786 1785 amatur,
1802 1722 1937 1792 cognitus

223 1789 342 1844 vatione
357 1788 483 1858 dignum
497 1786 666 1843 haberetur.
679 1789 711 1842 Et
724 1792 755 1841 ut
765 1786 868 1841 omnia
880 1785 994 1841 deificae
1005 1802 1051 1842 ra·
1104 1785 1213 1841 oditur.
1230 1786 1337 1851 Quanti
1352 1792 1426 1840 retro
1446 1786 1574 1842 oderunt
1588 1787 1759 1854 Christum,
1784 1793 1839 1862 qui
1862 1809 1937 1850 nune

222 1859 295 1915 tioni
307 1860 500 1923 conveniant,
517 1857 885 1929 inspiciatrrrtraditabex‚
900 1858 923 1912 si
935 1856 1048 1929 quidin
1103 1862 1217 1922 amant,
1235 1857 1349 1928 quique
1360 1855 1463 1912 dolent
1476 1858 1577 1914 odisse
1590 1875 1631 1925 se,
1645 1860 1733 1931 quod
1750 1864 1937 1921 nescierunt?

222 1928 1065 2073 {aabattracti?*irritabatbittit.'
1103 1926 1935 2080 titillabit§irritatalacritati?

222 2073 333 2142 angulo
353 2089 405 2145 per
418 2073 614 2143 imposturam
626 2078 792 2142 appareret,
806 2071 857 2143 qui
873 2070 972 2126 claudi
987 2086 1047 2126 nou
1101 2069 1190 2125 hodie
1205 2071 1413 2137 adversantur,
1437 2072 1567 2128 crastino
1592 2072 1770 2141 defendent,
1793 2078 1933 2147 preniten-

221 2149 319 2215 potest
334 2162 342 2209 ,·
362 2159 459 2217 neque
475 2144 502 2197 in
520 2141 711 2214 speculo,nbi
732 2142 814 2198 aliud
827 2147 871 2196 est
884 2157 976 2214 quam
987 2157 1048 2197 cer·
1102 2140 1173 2196 tiana
1189 2149 1321 2211 agentes,
1331 2141 1413 2222 tarde
1428 2158 1460 2196 se
1468 2143 1644 2214 cognovisse
1657 2146 1745 2217 quod
1760 2162 1869 2205 verum
1883 2156 1930 2207 εει.

222 2215 301 2270 nitur
321 2217 464 2287 operante
480 2213 655 2269 illecebrosa
670 2212 913 2284 fallaciazneque
937 2228 973 2269 ea
988 2229 1047 2268 ser·
1101 2211 1185 2276 Quod
1217 2212 1240 2267 si
1267 2213 1335 2267 odio
1361 2212 1454 2281 digna
1483 2229 1529 2269 res
1556 2221 1646 2284 essct,
1666 2221 1722 2272 aut
1747 2218 1930 2292 aliquidha·

221 2287 319 2342 canda
335 2286 463 2342 traderet
475 2287 497 2349 ¹,
518 2301 586 2357 qum
602 2289 761 2356 propterea
777 2284 859 2357 quod
885 2283 1047 2340 inhonesta
1099 2284 1181 2338 beret
1196 2283 1329 2349 fallaciae,
1344 2283 1476 2355 quotidie
1491 2299 1527 2340 ex
1537 2286 1707 2343 christianis
1722 2287 1834 2347 tierent
1846 2307 1929 2363 paga-

220 2362 328 2421 essent,
344 2360 374 2413 in
390 2355 519 2414 tenebris
529 2354 886 2425 generentur.Cumenim
900 2355 1046 2411 uniusDei
1099 2355 1140 2409 ni.
1158 2355 1367 2437 l'urroautem,¹
1378 2356 1524 2439 quoniam
1538 2356 1602 2414 hacc
1613 2360 1788 2428 veritasest‚
1800 2365 1926 2435 quotidie

220 2430 325 2485 notitia
353 2428 523 2485 oblitterata
550 2432 629 2482 esset
652 2427 681 2482 in
698 2428 814 2483 mundo
829 2426 1045 2482 consuetudine
1099 2426 1263 2481 ommhora
1282 2441 1346 2480 sine
1360 2429 1925 2500 intermissionedeserentesloremin-

220 2498 425 2571 delinquendi,
438 2498 707 2571 quiamendacium
722 2498 1046 2569 velamenpraestiterat
1100 2501 1142 2552 ter
1177 2497 1668 2569 uossophistoeetnobilesmnndi,
1681 2502 1738 2573 qui
1751 2518 1825 2561 eum
1840 2508 1923 2562 ileum

220 2571 346 2638 veritati,
363 2571 494 2627 clemens
506 2575 535 2625 ει
546 2569 716 2625 misericors
739 2570 823 2633 Deus,
849 2568 953 2624 nolens
967 2584 1045 2640 opus
1098 2513 1225 2624 εοεῗεεεί
1240 2574 1334 2650 erant.
1343 2569 1519 2639 confugiunt
1530 2571 1569 2627 ad
1578 2571 1744 2641 Christum,
1758 2575 1811 2632 cui
1828 2579 1925 2635 estho-

218 2657 307 2697 suum
324 2641 481 2712 perditioni
494 2641 660 2696 obnoxium
681 2639 754 2704 lieri,
771 2639 890 2695 visitare
902 2640 1043 2710 diguatus
1099 2655 1154 2695 nor
1171 2645 1197 2696 ει
1213 2639 1308 2710 gloria
1322 2655 1352 2695 ιε
1363 2640 1543 2697 saeculorum
1559 2642 1681 2702 saecula.

218 2718 262 2768 est
276 2728 371 2784 genus
384 2714 563 2768 humanum.
577 2713 639 2766 Non
649 2711 692 2765 sic
707 2725 858 2782 apparens
869 2710 1043 2782 sicutbiqui
1440 2727 1475 2767 on
1493 2728 1576 2769 raro.

219 2783 295 2839 laiso
314 2783 355 2837 dii
365 2781 511 2854 appellari
526 2781 682 2836 voluerunt
697 2796 704 2844 ;
721 2781 773 2836 sed
788 2782 864 2836 sicut
874 2787 916 2836 εει
933 2781 1043 2838 Veritas
1133 2781 1200 2837 CXV
1221 2782 1270 2854 (a).
1294 2813 1329 2823 -
1356 2781 1430 2839 Nihil
1453 2789 1514 2840 tam
1538 2785 1729 2843 contrarium
1754 2788 1923 2860 christiano,

220 2852 280 2918 llei,
296 2854 335 2908 ita
352 2869 384 2908 εε
402 2851 611 2916 manifestavit,
626 2858 658 2906 ut
672 2866 803 2908 errorem
819 2852 974 2919 adimeret,
990 2853 1043 2925 qni
1096 2854 1220 2924 quamsi
1235 2853 1289 2910 arti
1300 2854 1470 2910 matheseos
1482 2855 1623 2912 adhibeat
1637 2872 1758 2915 curam.
1771 2863 1840 2917 ilaec
1854 2863 1923 2919 enirn

216 2922 362 2979 falsorum
378 2923 503 2978 deorum
514 2921 725 2994 predicatione
735 2925 1043 2980 mundisensumcor·
1096 2923 1218 2980 inimica
1232 2926 1415 2994 dignoscitur
1442 2926 1490 2981 liei
1514 2926 1581 2999 legi.
1607 2928 1635 2984 Si
1661 2930 1748 2987 enim
1766 2942 1923 2991 nascuntur

215 3001 346 3066 ruperat.
363 2995 496 3066 Denique
511 3010 603 3065 supra
619 2999 759 3051 sexcenta
778 2994 872 3050 millia
883 2994 1041 3052 hominum
1094 2997 1147 3121 gni
1158 2995 1229 3051 mali
1244 2997 1311 3062 sint,
1325 2999 1381 3051 ete
1396 3003 1500 3054 contra
1512 3000 1564 3070 qui
1578 2997 1650 3055 boni
1665 3000 1728 3056 sint
1741 3018 1750 3068 ;
1763 3002 1876 3062 trustra
1884 3006 1923 3062 lex

217 3079 338 3136 egressa
349 3065 528 3137 deAEgypto,
540 3065 674 3121 ridentes
682 3071 709 3121 et
720 3071 934 3136 cognoscentes
943 3064 1041 3122 homi·
1117 3071 1166 3122 ate
1184 3066 1291 3123 dicitur
1306 3086 1313 3126 :
1331 3070 1360 3122 et
1381 3082 1442 3123 non
1457 3068 1555 3125 solum
1575 3069 1643 3136 hoc,
1671 3073 1728 3128 sed
1750 3080 1781 3130 et
1799 3075 1922 3147 injustus

216 3152 290 3193 num
302 3138 453 3194 huucasse
463 3153 554 3208 supra
565 3152 712 3193 omnesex
720 3138 897 3210 apparentia
910 3137 1041 3194 inellabi·
1093 3136 1252 3194 habebitur
1266 3137 1435 3208 legislator.
1451 3140 1506 3204 Qui
1521 3140 1602 3197 enim
1615 3141 1683 3211 lege
1696 3143 1774 3202 data
1786 3148 1869 3217 cogit
1878 3147 1923 3205 bo

215 3207 252 3264 lis
267 3207 378 3280 gioria,
395 3209 566 3280 proximare
578 3209 692 3264 adeum
702 3209 873 3274 timuerunt,
885 3209 937 3264 sed
950 3209 1038 3278 longe
1094 3209 1190 3265 mines
1205 3216 1309 3266 contra
1321 3210 1352 3265 id
1365 3211 1448 3281 quod
1465 3211 1527 3266 nati
1540 3218 1609 3268 sunt
1624 3212 1737 3280 iacere,
1754 3218 1856 3275 sciens
1868 3235 1921 3276 nou

215 3285 337 3336 curvato
348 3295 426 3352 genu
442 3295 512 3335 eum
527 3280 729 3336 adoraverunt
741 3279 841 3350 (Ecod.
858 3295 908 3344 xx,
927 3280 1040 3351 ¹8).Po·
1092 3295 1181 3353 posse
1192 3281 1301 3337 mutari
1315 3286 1465 3346 naturam,
1481 3281 1520 3337 ad
1539 3283 1596 3340 hoc
1612 3284 1718 3357 utique
1733 3287 1837 3359 legem
1851 3291 1920 3347 ride·

216 3352 536 3424 steaproseqnantibus
549 3351 716 3420 aliissignis
731 3353 742 3386 ²
756 3366 847 3424 qnam
857 3350 1039 3423 quaeleoerat
1092 3352 1278 3418 turdedisse,
1296 3358 1328 3408 ut
1341 3351 1465 3409 haberet
1479 3355 1668 3411 occasionem
1682 3372 1752 3430 qua
1773 3361 1921 3419 crudelita-

213 3421 245 3478 iu
259 3421 773 3495 AEgyptoinomnibusmirabilibus
783 3423 1039 3479 manifestatusest
1092 3426 1152 3478 tem
1166 3438 1253 3479 suam
1269 3424 1306 3479 de
1321 3438 1394 3480 nece
1408 3424 1540 3482 hominis
1556 3428 1688 3483 satiaret.
1719 3431 1833 3504 thuid
1848 3434 1920 3490 enim

213 3508 293 3549 unus
309 3509 373 3550 esse
389 3494 476 3550 Deus.
494 3493 562 3549 Haec
572 3493 714 3549 omnibus
734 3508 828 3576 prope
843 3495 1036 3550 innotuerunt
1091 3494 1228 3564 probibet
1242 3495 1325 3568 quod
1342 3496 1396 3550 scit
1415 3497 1507 3553 averti
1533 3511 1594 3553 non
1616 3513 1712 3570 posse
1733 3502 1750 3559 i
1773 3509 1833 3560 Λει
1856 3520 1920 3578 que

212 3562 332 3637 linguis,
343 3566 403 3620 haee
419 3565 522 3621 ricinis
533 3564 671 3632 gentibus
695 3570 797 3620 terrori
818 3564 944 3620 luerunt.
959 3565 1035 3631 Quid
1090 3566 1288 3622 madmodum
1302 3566 1428 3623 damnat
1442 3567 1596 3624 homiuem
1607 3572 1661 3652 qui
1676 3586 1744 3628 non
1760 3572 1832 3632 lecit
1844 3576 1918 3649 quod

214 3635 271 3691 tale
283 3637 312 3692 in
321 3635 520 3691 diisCentium
537 3634 612 3692 lCui
628 3635 717 3705 genti,
732 3636 779 3692 cni
787 3636 898 3708 populo
907 3635 1034 3705 gloriam
1089 3634 1186 3691 iacere
1202 3653 1262 3692 non
1283 3638 1407 3709 potuit?
1423 3639 1451 3694 Si
1471 3644 1572 3695 autem
1584 3639 1737 3710 injustum
1748 3645 1878 3714 videtur,
1891 3654 1917 3703 ut

211 3706 600 3788 suamostenderuntiquae
613 3708 699 3776 signa
713 3712 765 3764 aut
776 3709 895 3762 virtutes
910 3707 948 3762 ad
962 3708 1034 3763 divi·
1089 3714 1142 3772 est,
1157 3709 1229 3834 guia
1244 3708 1323 3764 istud
1340 3708 1378 3765 de
1397 3710 1457 3765 Deo
1472 3710 1580 3766 sentire
1594 3712 1750 3772 netarium
1765 3723 1812 3773 est
1828 3734 1836 3785 ;
1852 3724 1918 3776 recta

211 3779 312 3832 nitatis
328 3794 389 3832 snae
403 3780 605 3833 testimonium
617 3776 775 3834 lecerunt?
789 3778 839 3834 ubi
855 3777 901 3833 vet
913 3778 1033 3850 qirando
1087 3784 1116 3834 ει
1131 3795 1164 3834 εε
1177 3779 1252 3836 utari
1267 3782 1384 3836 ratione
1396 3780 1493 3850 legem
1505 3780 1596 3848 dedit,
1609 3785 1712 3841 sciens
1725 3801 1820 3860 posse
1833 3790 1919 3847 homi·

210 3845 300 3902 locuti
313 3848 500 3919 probantur?
514 3849 569 3905 Sed
581 3849 865 3920 irrationalevulgus
876 3856 926 3904 aut
941 3865 1033 3921 appa·
1087 3863 1155 3904 nem
1171 3852 1322 3907 continere
1346 3868 1377 3908 εε
1393 3853 1433 3908 ab
1454 3869 1489 3907 eo
1510 3853 1592 3926 quod
1606 3855 1752 3925 prohibet
1769 3859 1829 3917 lex.
1845 3863 1915 3931 Ergo

209 3924 308 3972 rentes
325 3919 456 3984 umbras,
467 3919 683 3985 autdoemonia,
695 3925 748 3975 aut
757 3921 916 3977 simulacra
924 3926 1033 3978 mortu·
1086 3922 1158 3994 quia
1165 3920 1246 3994 juste
1260 3923 1356 3990 legem
1369 3923 1461 3989 dedit,
1471 3940 1531 3980 non
1547 3929 1594 3981 est
1603 3928 1712 4000 utique
1720 3929 1847 4003 iniquus
1855 3949 1915 3990 eum

209 4004 306 4055 orum,
318 3994 349 4044 ut
360 3989 536 4045 deoscolere
543 3994 710 4060 caeperunt:
727 4007 794 4063 quaa
809 3992 894 4047 resin
909 4007 1033 4048 consue·
1086 3992 1226 4048 vindicat.
1245 3997 1345 4065 ltaque
1357 3995 1381 4050 si
1395 3996 1422 4050 le
1445 3995 1454 4050 i
1467 3994 1516 4052 Dei
1526 3995 1602 4052 fldes
1619 4002 1855 4059 commodanda
1867 4009 1915 4065 est.

209 4060 343 4116 tudinem
352 4061 502 4116 vetustatis
512 4060 652 4124 deducta,
674 4061 964 4143 arbitraturrationis
975 4063 1032 4119 sibi
1085 4064 1159 4135 qula
1166 4064 1247 4145 juste
1263 4066 1408 4136 probatur
1422 4010 1493 4123 gata
1509 4085 1516 4137 ;
1533 4082 1581 4123 ars
1592 4070 1771 4129 matheseos
1785 4075 1914 4131 evitanda

208 4132 362 4187 raritatem
373 4147 461 4213 posse
476 4130 595 4187 delendi
608 4147 690 4199 ;cum
707 4133 835 4188 veritatis
844 4141 919 4188 ratio
928 4149 1031 4190 nonen
1084 4140 1113 4191 et
1128 4134 1270 4205 fugienda
1281 4142 1334 4193 est.
1352 4139 1432 4193 lianc
1445 4139 1525 4194 euim
1540 4140 1650 4196 astutia
1662 4148 1693 4198 ει
1708 4144 1862 4202 subtilitas
1875 4147 1910 4201 in·

207 4204 433 4269 consuetudine,
448 4218 515 4274 quae
531 4207 573 4257 est
589 4218 625 4258 ex
639 4208 793 4271 vetustate,
808 4204 858 4259 sed
872 4206 971 4261 calleo
984 4207 1029 4271 sit,
1084 4206 1164 4262 venit
1175 4206 1297 4263 diaboti.
1313 4208 1389 4274 Onia
1399 4208 1478 4264 enim
1495 4214 1595 4280 aperte
1609 4226 1911 4286 repugnarenoaaa·

120 4268 125 4282 '
229 4274 257 4328 ui
278 4290 338 4329 non
354 4280 500 4331 vetustate
516 4274 592 4329 licus
613 4274 768 4346 probatur,
784 4274 836 4330 sad
855 4277 1027 4332 eternitate.
1083 4276 1133 4333 det
1149 4279 1271 4349 auctori,
1288 4280 1533 4348 tergiversatione
1545 4280 1573 4337 id
1588 4284 1661 4352 agit,
1676 4292 1712 4341 ut
1724 4291 1755 4342 et
1768 4286 1828 4345 Deo
1842 4288 1908 4359 inju-

205 4289 408 4410 guamobrem
430 4346 504 4401 bdes
518 4361 578 4401 non
597 4351 695 4417 crepta
714 4361 770 4412 res,
799 4346 852 4401 sed
868 4347 930 4401 sine
946 4347 1028 4405 initio
1082 4347 1158 4405 riam
1171 4348 1504 4418 iaciat‚ethominemie
1527 4352 1705 4412 iinimicum
1717 4360 1906 4424 constituens,

1497 4366 1552 4492 (ini
1566 4439 1638 4494 ergo
1667 4427 1724 4484 liei
1745 4431 1906 4489 auctoritati

203 4487 277 4542 Nam
292 4488 374 4560 quod
386 4488 526 4553 creditur,
543 4494 755 4544 aeternumest.
779 4489 937 4554 Quomodo
955 4506 1027 4560 ergo
1081 4491 1168 4556 cedit,
1189 4497 1217 4547 et
1236 4491 1349 4548 iactum
1377 4494 1442 4562 eius
1468 4496 1622 4551 retractari
1637 4498 1796 4557 nefarium
1820 4503 1904 4564 ducit,

203 4560 365 4615 anteriores
385 4574 418 4614 se
433 4566 539 4630 putant
553 4559 672 4630 i‘agani,
684 4560 807 4632 quando
820 4561 901 4632 quod
914 4561 1025 4627 colunt,
1080 4561 1137 4632 lagi
1154 4562 1192 4618 ab
1212 4562 1261 4618 illo
1273 4562 1352 4621 datae
1362 4564 1559 4638 obtemperat,
1575 4567 1624 4623 die
1639 4575 1800 4645 noctuque
1812 4573 1905 4630 studiis

201 4629 1025 4774 tt⁸ilttt¹.tril.llt,ttlirascibilitati?
1078 4633 1903 4782 tib{tillir,ttdllidttttb‘atttrtt

200 4772 310 4835 turam,
327 4787 382 4827 nos
398 4773 578 4828 Creatorem.
591 4742 672 4828 Certe
687 4776 762 4829 tiens
779 4774 848 4830 iecit
861 4749 1022 4842 inondum,
1079 4776 1239 4832 aareNam
1251 4777 1468 4851 hiqnipeccare
1479 4779 1620 4850 gestiunt,
1628 4729 1825 4843 oceagionejm
1832 4802 1901 4860 qu&

198 4837 278 4896 iacto
287 4841 422 4898 notitiam
436 4859 524 4899 snam
536 4859 595 4900 non
607 4843 761 4900 ostendit?
777 4847 834 4900 Λει
849 4845 915 4901 iecit
928 4847 1023 4902 homi·
1077 4855 1146 4903 runt
1161 4849 1315 4919 quomodo
1328 4853 1452 4920 peccata
1467 4865 1521 4905 sua
1535 4867 1555 4908 a
1570 4866 1603 4907 se
1614 4852 1732 4913 iaciant
1744 4858 1860 4923 aliena;
1874 4862 1900 4912 ει

198 4926 278 4976 εεει,
289 4918 317 4969 ει
331 4913 424 4969 noluit
439 4929 470 4968 se
481 4914 560 4970 abeo
573 4914 628 4970 coli
641 4930 733 4986 qrrem
745 4915 813 4971 iecit
827 4915 905 4972 ised
919 4916 1023 4973 absur·
1076 4917 1149 4974 dum
1165 4924 1277 4975 naturae
1288 4921 1376 4993 quasi
1388 4920 1568 4992 imputanda
1579 4930 1707 4994 peccata
1720 4931 1793 4999 sint,
1804 4931 1897 4986 immu-

196 4983 270 5040 dum
290 4990 344 5039 ast.
360 4986 465 5040 Factus
480 4986 650 5051 ergohomo
670 4988 756 5057 caepit
778 4987 913 5042 venerari
932 5005 1021 5044 suum
1074 4987 1122 5044 nis
1134 5004 1225 5046 essea
1238 4990 1468 5061 poenavideetur
1480 5000 1630 5066 peccator.
1645 4996 1711 5055 lioc
1739 5001 1895 5072 ropositunr

197 5055 384 5112 Conditorem
400 5072 406 5122 ;
422 5056 493 5127 quia
506 5056 690 5126 digunmcst.
705 5063 733 5113 et
747 5072 839 5113 causa
851 5058 1021 5129 hocexegit.
1072 5060 1179 5116 horum
1192 5066 1236 5117 est
1250 5061 1301 5134 qui
1314 5062 1522 5136 desparatione
1538 5067 1697 5136 promissas
1713 5016 1892 5132 Krabrasia.

196 5127 356 5193 Quodcum
369 5143 420 5199 per
435 5127 581 5182 desidiam
594 5128 752 5183 hominnm
767 5128 1023 5193 obsolevissetre·
1070 5133 1210 5257 praesenti
1224 5132 1394 5190 desiderant
1407 5133 1465 5190 frui
1480 5135 1645 5208 voluptate.
1673 5142 1713 5198 Δι
1727 5142 1759 5199 hi
1777 5144 1830 5271 plui
1841 5142 1892 5199 irati

217 5198 396 5255 aravitistud
413 5198 489 5253 Deus
505 5197 741 5267 inhbrabanr,ut
755 5200 885 5269 cognitio
894 5202 942 5256 liei
952 5217 1020 5273 quea
1805 5214 1892 5271 mm.

194 5211 290 5326 Rrerat
303 5271 332 5324 iu
347 5270 453 5337 adam,
466 5270 608 5342 inciperet
623 5272 780 5327 rursumin
796 5271 948 5328 Abraham
963 5289 970 5327 ε
989 5279 1020 5329 ιιι
1070 5273 1441 5403 ριεεεεοειεεεεειμιὲιοά
1452 5278 1891 5349 inprimordiorenascibilitrtis

193 5339 233 5393 ab
245 5356 281 5396 eo
298 5342 397 5411 geniti,
423 5340 479 5397 sub
494 5341 561 5397 e'ns
582 5342 749 5413 cognitione
765 5343 973 5409 educarentur,
991 5349 1020 5399 ει
1070 5344 1191 5414 polliciti
1215 5351 1294 5412 sunt,
1310 5355 1373 5404 uta
1397 5350 1601 5407 renuntiarent
1655 5355 1739 5425 mpis
1752 5361 1780 5414 ει
1799 5355 1889 5426 volup·

192 5423 243 5531 per
254 5412 407 5468 traducem
423 5429 483 5469 non
498 5359 647 5478 deficeret,
663 5413 882 5485 nequadeesset
898 5415 949 5487 qui
964 5430 1017 5497 co·
1070 5415 1179 5472 tatibus
1195 5423 1320 5474 satane.
1349 5417 1467 5485 Quanta
1481 5435 1552 5491 ergo
1571 5438 1608 5478 su
1633 5424 1740 5484 tilitate
1762 5444 1834 5484 usus
1852 5428 1888 5481 εει

204 5487 264 5536 eret
281 5486 372 5538 baum
385 5484 522 5540 advocati
535 5484 625 5540 etiam
641 5490 764 5542 eastern
776 5486 873 5557 gentis
888 5485 1016 5543 homrm-
1069 5493 1202 5553 satanas,
1221 5493 1251 5544 ut
1266 5490 1481 5572 promptiorem
1497 5491 1654 5552 hominem
1661 5496 1704 5554 ad
1713 5497 1886 5571 peccandum
1961 5508 1967 5557 i

222 5575 287 5626 ¹sic
302 5579 347 5628 us.
359 5580 535 5631 uerberatum.
553 5584 585 5631 A,
598 5582 671 5638 aditi.
685 5582 788 5634 „lam
1068 5556 1186 5629 laceret,
1202 5574 1255 5632 per
1266 5560 1348 5633 quod
1359 5561 1478 5620 roridire
1489 5579 1552 5622 sue
1566 5565 1704 5640 expleret
1713 5565 1885 5645 nequitiam

221 5636 315 5687 ¹iiditi
331 5640 373 5690 bic
384 5643 567 5706 interponunt,
582 5649 633 5694 tam
649 5646 701 5696 illie
713 5660 768 5711 qaroe
781 5645 846 5711 fecit
860 5646 888 5697 ic
900 5647 1009 5699 decerto.

188 5698 340 5763 lieduudat,
355 5706 382 5759 et
396 5703 499 5759 absara
509 5705 558 5758 lta.
573 5706 686 5761 colbert.
1098 5709 1135 5775 ιε)
1150 5709 1229 5763 Deest
1245 5710 1272 5761 in
1288 5709 1352 5764 iles.
1370 5711 1483 5766 secundi
1497 5714 1616 5779 εεεεειε.

1092 5202 1182 5260 dacia
1196 5203 1275 5269 fidei,
1292 5221 1379 5276 spem
1393 5202 1562 5263 futurorum
1577 5216 1769 5282 exspectant,
