3952 6150
126 152 199 210 ΜΒ
647 139 879 216 QUAESTIONES
897 144 946 204 EX
963 142 1062 205 ttovc
1079 141 1329 206 TESTAMENTO.
1767 139 1834 203 ΜΦ

124 282 224 337 ειιιειιι
239 280 269 335 ει
283 276 346 349 ipse
361 271 497 331 ascendit
506 272 546 330 ad
557 272 637 329 diem
648 271 769 330 festum.
782 273 858 339 Quid
871 272 950 329 vide·
1003 276 1073 330 sunt
1086 289 1154 347 qna
1167 273 1293 330 invitant
1305 272 1346 329 ad
1360 270 1473 342 fidem;
1488 274 1567 329 recle
1581 270 1669 337 dixit,
1678 270 1753 354 quia
1762 288 1833 331 m

123 357 171 408 tur
185 349 377 412 annuariam,
388 345 512 418 quando
526 360 587 402 non
598 351 668 401 tunc
681 346 814 400 ascendit
825 345 949 416 quando
1003 344 1077 401 seuit
1088 344 1125 401 nd
1138 362 1188 411 me,
1201 345 1258 399 nisi
1270 360 1347 416 quem
1361 343 1445 399 Pater
1460 343 1591 400 traxerit.
1607 341 1711 399 Trahrt
1723 347 1832 411 aulem,

122 420 251 492 negavit,
264 418 317 474 sed
328 415 462 473 ascendit
471 422 594 489 postea3
605 421 632 472 et
641 416 778 473 ascendit
789 416 949 488 nonquasi
1002 432 1073 473 oum
1087 424 1227 489 operatur
1241 430 1295 490 per
1307 415 1424 473 Filium.
1436 417 1509 471 Nam
1550 413 1649 472 nisibi
1668 412 1731 471 vuit
1745 415 1833 482 credi,

122 492 163 550 ad
176 491 257 546 diem
271 489 388 553 testum,
399 489 451 543 sed
472 487 560 560 quasi
575 487 614 542 ad
627 486 707 542 litem
719 486 783 542 ritti
795 487 948 544 enimom·
1002 488 1159 560 quomodo
1173 487 1248 543 tollit
1267 486 1352 543 liberi
1367 486 1480 542 arbitrii
1503 431 1719 543 egestatem?
1738 487 1770 542 Et
1785 488 1834 561 qui

120 578 174 620 nes
185 562 244 617 lasti
258 561 466 624 ascenderunt,
478 558 612 632 quasiad
623 558 948 631 perfruendasdelicias
1002 558 1188 615 incredulum
1204 558 1311 686 arssuit,
1327 573 1388 631 qua
1403 558 1517 614 ratione
1528 557 1616 615 trahit
1626 557 1781 615 invitum?
1793 559 1834 615 ad

122 633 181 690 diei
197 633 273 688 festi.
299 634 416 688 Certum
431 636 475 687 est
490 646 572 702 ergo,
598 631 670 702 qnia
686 646 747 686 non
760 630 894 686 ascendit
909 630 948 687 ad
1001 630 1229 704 ludaeosutique
1262 645 1298 685 oc
1333 628 1606 702 rotulit,quialium
1659 636 1734 684 trem
1745 629 1833 697 illius,

121 700 946 769 diemlestnm.Salsat0riautemilleluitdieeiestus,
1025 718 1093 758 uam
1109 646 1595 784 quiest.dioessant.iiemoenim
1628 700 1836 759 alvatoricre·

120 791 182 849 quo
197 775 339 847 passione
368 788 423 829 sua
437 772 562 829 redemit
577 771 736 828 mundum.
753 773 886 844 Denique
907 772 949 828 di·
1001 717 1054 840 gp,
1072 772 1129 828 nisi
1144 773 1196 846 qui
1210 772 1329 829 Patrem
1344 770 1423 827 illius
1447 770 1518 827 dicit
1537 772 1644 826 Deum.
1671 772 1833 897 Apostolus

120 848 177 904 cit:
205 845 286 901 Nunc
310 844 482 915 clarificatus
508 850 544 898 est
570 842 663 899 Filius
685 844 811 908 beminis,
833 849 858 899 et
878 846 949 900 Deua
1002 859 1124 918 quoque
1139 859 1199 900 non
1217 851 1247 900 ιιι
1266 842 1424 900 arbitrium
1439 841 1584 915 pulsaret,
1599 842 1666 899 htec
1702 849 1775 898 atus
1791 851 1834 900 εει

120 917 290 999 clarificetur
302 924 339 972 eet
353 917 381 971 iu
405 931 435 996 eo
449 914 540 984 (loun.
567 928 627 977 xm,
644 918 699 985 at).
717 916 767 970 llic
778 915 841 971 dies
854 914 948 972 festus
1002 931 1163 998 quaenunr
1189 931 1241 997 pro
1259 987 1263 996 Ι
1285 915 1345 997 sita
1366 919 1454 995 sunt;
1481 913 1534 996 sed
1549 920 1581 970 ιιι
1594 912 1773 996 ostenderet
1785 915 1833 971 Ilei

120 990 681 1138 tlibitt‘dttttitltittia
698 1055 837 1138 syron
854 1071 948 1128 qum
1001 983 1833 1138 tttititdttitiitdttlltttitt‘ttittttitt

121 1131 257 1189 Salvator
276 1130 360 1198 dixit,
376 1130 458 1184 Nemo
478 1134 550 1183 vend
576 1126 612 1182 od
628 1143 679 1189 me,
702 1143 759 1181 nese
782 1127 875 1185 Pater
900 1129 950 1198 qua·
1001 1135 1030 1185 et
1044 1144 1102 1185 non
1121 1135 1248 1184 meretur
1260 1143 1416 1198 accipere;
1431 1126 1506 1182 altus
1519 1143 1588 1183 vero
1600 1134 1685 1199 petit,
1699 1132 1730 1184 et
1745 1144 1830 1185 mere·

119 1204 195 1259 misit
213 1218 263 1269 me,
288 1200 409 1256 traxerit
430 1216 490 1254 eum
505 1199 559 1269 (ld.
576 1215 613 1262 vr,
628 1201 692 1266 ild:
709 1205 737 1253 et
759 1199 948 1255 consentiens
1003 1207 1049 1256 tur
1067 1202 1212 1271 accipere.
1230 1201 1280 1255 llic
1306 1200 1385 1255 enim
1400 1214 1461 1255 nou
1479 1198 1550 1255 solis
1563 1199 1675 1265 verbis,
1692 1198 1748 1254 sed
1763 1215 1832 1272 ope-

120 1274 166 1331 his
178 1273 347 1355 Apostolus,
356 1271 448 1342 Neque
457 1270 582 1333 volentia,
596 1270 946 1393 inanibusquecurrents'e,
1001 1272 1084 1328 ribus
1099 1271 1239 1328 obsecrat
1252 1289 1259 1338 ;
1273 1270 1321 1326 ille
1333 1268 1397 1327 sola
1411 1269 1531 1338 lingua3
1548 1269 1634 1327 hicet
1659 1271 1754 1327 eorde
1764 1286 1830 1327 con·

119 1344 382 1403 sedmseerentiellet'
393 1347 491 1406 eat:et,
504 1342 588 1411 Cujus
600 1356 634 1394 vu
648 1347 658 1395 ι
673 1347 825 1405 mue-etur,
838 1348 947 1412 siquem
1002 1343 1142 1399 tribulato
1147 1360 1156 1414 3
1165 1342 1317 1398 taliseuim
1327 1347 1423 1414 potest
1433 1340 1603 1410 impetrare·
1616 1342 1830 1416 [leuiquequid

119 1417 177 1473 vult
192 1416 307 1471 indurat
319 1415 407 1486 (Rom.
423 1429 463 1483 tx,
480 1414 520 1477 t6,
533 1411 599 1482 l8)‘t
615 1412 773 1476 Quomodo
787 1412 946 1469 voluntatis
1000 1413 1113 1470 dictum
1129 1415 1157 1469 iu
1173 1414 1248 1479 heae
1261 1420 1305 1469 est
1316 1412 1330 1469 l
1343 1411 1421 1468 Plebs
1434 1411 1581 1469 baelubds
1595 1429 1636 1469 me
1648 1413 1779 1478 honorat,
1789 1430 1832 1471 cor

120 1488 276 1545 arbitrium
301 1487 427 1542 liberum
444 1492 497 1550 est,
522 1482 646 1555 qnando
671 1481 792 1539 alterius
807 1489 883 1540 nutu
897 1491 949 1541 aut
1000 1491 1087 1541 nutem
1101 1483 1427 1556 illorumloopeedome.
1445 1483 1831 1556 Siergoduopetant,unus

122 1558 161 1616 ad
173 1558 288 1614 bonum
302 1557 430 1620 ducitur,
443 1558 544 1611 autad
561 1553 700 1610 malumi
761 1623 766 1634 Ι
1001 1563 1100 1613 autem
1117 1572 1150 1612 ex
1168 1556 1214 1611 his
1226 1556 1363 1627 accipiat,
1379 1555 1467 1611 debet
1483 1555 1550 1611 sciri
1564 1554 1647 1611 hunc
1669 1555 1715 1611 sic
1732 1564 1832 1628 postu·

154 1630 244 1686 Aliter
256 1644 351 1684 eausa
373 1644 404 1682 se
419 1626 510 1682 hahet
533 1642 624 1698 quain
643 1631 799 1695 proposita
814 1629 867 1680 est.
884 1629 946 1681 Non
999 1627 1079 1683 lasse
1095 1633 1126 1683 ut
1138 1627 1248 1698 dignus
1262 1632 1338 1682 esset
1350 1627 1484 1698 accipere
1500 1645 1507 1681 :
1523 1626 1596 1698 quia
1610 1625 1691 1683 Deus
1706 1626 1762 1700 qui
1771 1630 1831 1699 jus·

119 1700 200 1756 enim
211 1700 259 1755 hic
270 1698 444 1772 quoestionis
458 1696 547 1769 hujus
562 1702 721 1751 sonsusest
733 1711 824 1767 quem
843 1697 946 1753 obten·
1001 1705 1174 1764 tusest,nou
1186 1698 1239 1754 dat
1250 1698 1304 1753 nisi
1315 1698 1362 1754 cni
1374 1697 1509 1753 dandum
1520 1697 1831 1768 scitvidesergonon

119 1771 175 1828 dis.
193 1773 267 1826 Nam
286 1769 368 1826 nullo
384 1783 491 1838 genere
507 1783 540 1823 ex
552 1767 600 1823 his
613 1766 696 1821 liberi
716 1765 830 1822 arbitrii
842 1768 947 1839 poterit
1000 1771 1154 1827 arbitrium
1165 1768 1380 1839 negatum,sed
1391 1768 1554 1824 firmatum.
1562 1771 1637 1825 Nam
1647 1769 1671 1824 si
1681 1785 1832 1827 nnamen·

119 1858 211 1899 causa
230 1841 361 1897 turbari:
378 1841 448 1913 quia
464 1840 489 1894 si
505 1840 623 1920 penitus
647 1853 768 1894 sensum
796 1838 945 1897 dictorum
1000 1847 1037 1907 te,
1059 1857 1118 1896 ima
1141 1839 1316 1911 operatione
1342 1840 1420 1897 duos
1445 1839 1576 1896 audieris
1606 1840 1790 1911 postulasse,
1805 1847 1831 1898 et

119 1914 266 1978 advertas,
278 1912 428 1968 scicshine
438 1908 746 1980 magrsarhitriiliberi
757 1909 870 1965 firmari
881 1927 947 1967 sen·
1000 1928 1137 1968 unumex
1152 1913 1198 1968 his
1207 1911 1392 1976 exauditum,
1405 1911 1530 1967 alterum
1545 1911 1726 1983 despectum
1739 1929 1746 1978 ;
1758 1920 1831 1969 recte

118 1985 256 2047 tentiam.
271 1987 337 2040 llaec
351 1982 430 2038 enim
447 1988 551 2038 contra
566 1980 729 2036 malevolos
740 1981 753 2034 J
759 1981 861 2037 udaeos
879 1998 946 2055 pro·
998 1988 1028 2040 et
1038 1982 1193 2040 arbitrium
1208 1999 1266 2039 non
1281 1999 1359 2048 esse,
1374 1988 1402 2039 et
1416 1982 1510 2040 Deum
1523 1989 1716 2056 acceptorem
1734 2000 1831 2056 perso

118 2055 269 2112 istasunt.
284 2058 358 2112 Cum
371 2055 450 2110 anim
466 2053 536 2109 dolo
554 2050 755 2108 simulationis
766 2058 838 2108 ortae
852 2069 889 2109 ex
903 2054 947 2109 in·
999 2071 1107 2111 narum
1129 2062 1258 2128 putares.

117 2127 209 2189 vidia.
219 2126 328 2198 loseph
341 2131 451 2196 patrem
465 2125 621 2197 proprium
631 2129 660 2178 et
671 2121 747 2179 lilios
762 2123 826 2193 ejus
842 2123 946 2181 iratres
1035 2128 1132 2183 hlillll.
1146 2127 1269 2181 -Csrte
1280 2122 1418 2180 autfilius
1431 2122 1483 2179 Dei
1498 2123 1627 2197 quisque
1646 2130 1757 2182 estant
1771 2125 1830 2182 dis·

117 2204 285 2255 assererent
298 2196 468 2260 salvatoris,
479 2211 516 2251 na
527 2194 656 2249 [ieiesse
671 2193 757 2249 Filius
768 2194 944 2260 crederetur,
1000 2196 1077 2254 boli:
1094 2211 1213 2269 semper
1226 2211 1296 2268 ergo
1311 2195 1389 2250 lilius
1408 2201 1475 2260 est,
1506 2195 1560 2250 sed
1574 2194 1748 2269 aliquando
1774 2198 1827 2265 bei,

118 2274 189 2325 tunc
205 2269 340 2325 Salvator
354 2269 405 2334 ait,
421 2267 505 2323 Nemo
524 2266 596 2321 venit
616 2264 715 2330 adme,
732 2266 788 2320 aiei
799 2266 884 2322 Peter
898 2269 947 2338 qui
999 2268 1246 2340 aliquandovero
1275 2265 1586 2338 diaholizquidergo
1612 2266 1829 2325 nascimurre·

119 2341 256 2405 misitne,
277 2339 517 2395 diducentem.
548 2337 707 2401 Quomodo
736 2343 838 2393 autem
863 2341 946 2395 Pater
999 2340 1249 2413 quirendnmest.

118 2411 286 2467 attrahebat
305 2411 342 2465 ad
360 2410 474 2475 Filium,
492 2408 547 2463 nisi
563 2423 615 2479 per
629 2423 722 2478 opera
736 2424 804 2479 ῳιιε
819 2409 945 2467 iaciebat
1035 2411 1257 2467 Dominuscum
1270 2406 1826 2480 filiilsraelssepedelinquerenteducti

117 2497 171 2556 per
186 2482 279 2538 iillum
295 2481 366 2537 isio
381 2481 459 2537 enim
473 2479 552 2543 dicit,
572 2479 654 2534 Pater
667 2480 814 2534 murensis
829 2497 878 2545 me,
890 2483 945 2552 ipse
999 2481 1036 2537 de
1048 2485 1184 2554 AEgypto,
1200 2482 1291 2537 iratus
1299 2478 1476 2535 senteutiam
1486 2478 1828 2551 dedit,dioens,nutlum

116 2560 246 2626 operatur
261 2553 351 2625 (losa.
369 2568 427 2621 xiv,
447 2551 510 2622 t0):
528 2556 560 2606 ut
579 2566 671 2622 opera
685 2551 750 2605 hnc
764 2552 945 2608 attraherent
998 2552 1117 2609 illorum
1132 2556 1312 2609 intraturum
1323 2553 1469 2606 interram
1483 2551 1694 2623 promissionis
1706 2558 1827 2625 excepto

117 2625 157 2682 ad
171 2625 263 2680 iidem
279 2625 393 2679 Christi.
416 2622 543 2677 Virtutes
560 2623 639 2677 enirn
655 2636 733 2693 quas
747 2621 944 2680 iaciebatSal·
999 2624 1089 2680 Calah
1104 2631 1132 2679 et
1143 2626 1230 2680 losue
1242 2622 1395 2687 lilioNave,
1409 2622 1459 2694 qui
1469 2622 1548 2693 prins
1559 2622 1825 2680 tinsesdicebatur.

116 2701 212 2762 vator,
233 2696 305 2768 ipsae
318 2694 484 2750 suadebunt
497 2694 589 2748 Deum
609 2708 675 2747 esse
691 2692 807 2748 Patrem
817 2693 942 2750 Christi:
997 2694 1054 2751 Eos
1069 2701 1169 2751 autem
1185 2695 1235 2767 qui
1251 2694 1314 2749 nati
1330 2692 1447 2749 literani
1458 2693 1489 2748 in
1504 2693 1634 2759 deserto,
1648 2693 1736 2766 ipsos
1760 2696 1829 2752 dixit

117 2768 216 2839 utqui
231 2766 324 2823 alium
340 2771 454 2837 patrem
466 2763 576 2819 habere
592 2763 674 2819 illum
688 2763 807 2830 diceret,
823 2781 884 2821 non
897 2772 943 2822 at-
998 2765 1170 2831 intraturos,
1183 2780 1219 2821 eo
1231 2765 1312 2892 {uod
1326 2765 1474 2819 nescirent
1490 2764 1604 2820 honum
1628 2771 1682 2820 aut
1699 2766 1824 2825 malum.

117 2839 282 2895 traheretur
295 2853 313 2893 a
327 2838 386 2893 Deo
402 2837 439 2892 ad
450 2835 685 2891 Christumldeo
695 2850 768 2904 ergo
786 2839 861 2891 lleus
873 2852 943 2909 ope·
997 2836 1114 2893 Nescire
1129 2843 1229 2893 autem
1257 2851 1352 2892 onum
1366 2841 1418 2892 aut
1431 2834 1830 2911 malumstmplicitasquee·

115 2910 240 2967 rahatur
253 2908 471 2984 perChristum,
485 2912 516 2962 ιιι
528 2905 628 2962 verbis
640 2906 705 2976 ejus
721 2906 796 2962 tides
810 2922 944 2964 commo·
998 2909 1070 2964 dam
1083 2915 1126 2964 est
1136 2908 1470 2980 naturalis,quoeueque
1479 2908 1517 2962 ad
1526 2906 1827 2965 malumeruditaesh

116 2980 247 3044 daretur,
268 2980 379 3054 quibus
399 2979 518 3035 dicebat
537 2994 569 3032 sa
598 2977 700 3033 Filium
730 2978 790 3033 Dei.
814 2978 881 3035 Ηιεε
899 2985 944 3037 εει
998 2982 1064 3037 llaeu
1079 2987 1124 3036 est
1138 2977 1307 3051 ignorantia
1322 2979 1384 3034 sine
1411 2977 1533 3034 malitia.
1551 2977 1828 3037 Sinesensuenint

115 3053 263 3118 attractio,
283 3066 346 3109 non
366 3050 522 3115 violentiae,
543 3047 597 3104 sed
616 3049 822 3105 testimouium
843 3051 893 3106 liei
912 3052 943 3107 in
998 3048 1828 3124 nascimur:sednatnrunostrahocbouumhabet,quod

116 3123 243 3188 Christo,
259 3124 306 3179 cni
316 3123 369 3197 qui
383 3121 519 3186 credidit,
532 3125 674 3176 attractus
688 3120 843 3177 dieiturab
859 3137 894 3178 eo
904 3122 943 3179 ad
997 3138 1095 3194 capax
1110 3130 1153 3179 est
1167 3123 1299 3178 ediscere
1311 3121 1476 3177 veritatem.
1494 3120 1584 3176 Filius
1593 3127 1701 3178 autem
1716 3122 1827 3180 diaboli

117 3194 274 3252 Christum.
291 3197 383 3251 Nemo
414 3194 494 3250 enim
519 3191 665 3249 salvatori
695 3192 796 3258 credit,
819 3193 944 3266 nisiqui
998 3200 1052 3260 est,
1065 3194 1117 3277 qui
1131 3200 1219 3250 natus
1233 3192 1319 3249 maiis
1330 3192 1420 3247 rebus
1436 3192 1591 3257 imbuitur,
1607 3198 1641 3248 ut
1655 3193 1704 3250 his
1715 3194 1829 3251 studeat

117 3265 236 3322 Patrem
257 3265 333 3322 illius
349 3265 504 3336 proprium
520 3263 591 3319 dicit
605 3263 710 3319 Deum.
729 3266 803 3319 Nam
817 3265 943 3336 Aposto·
998 3280 1065 3336 quae
1076 3266 1268 3322 inimicasunt
1280 3263 1420 3328 Creatori,
1434 3262 1693 3320 multosasserens
1708 3264 1794 3331 deos,
1804 3269 1829 3321 et

115 3337 162 3394 lus
177 3353 238 3394 non
255 3342 287 3394 ut
304 3337 459 3393 arbitrium
476 3334 619 3407 pulsaret,
633 3334 696 3390 haec
715 3333 793 3391 latus
813 3341 856 3391 est
875 3351 944 3407 quae
998 3334 1828 3408 hisimmolandumqnasimundirectorihuslliosiresi·

115 3409 146 3465 in
161 3411 359 3482 quaestionem
375 3407 535 3478 redegisti,
556 3405 609 3461 sed
630 3415 661 3461 ut
674 3405 821 3475 judicium
835 3407 886 3462 Dei
900 3423 944 3463 re·
998 3407 1469 3480 piscat,etjuxtanaturamsuam
1481 3406 1598 3472 sentiat,
1611 3405 1654 3462 ad
1661 3410 1827 3466 Creatorem

115 3482 235 3538 tractari
254 3479 435 3553 prohiberet,
461 3479 525 3534 haec
543 3476 627 3544 dixit,
646 3476 761 3557 justum
778 3478 944 3550 predicans
1000 3494 1032 3534 se
1045 3479 1212 3545 conferens,
1227 3478 1306 3534 iilius
1320 3478 1370 3533 liei
1384 3478 1448 3533 erit.
1465 3478 1505 3532 hc
1520 3493 1573 3549 per
1588 3478 1649 3534 hoc
1664 3495 1766 3561 neque
1780 3478 1826 3535 lilii

114 3550 207 3608 Deum
229 3568 236 3608 ε
260 3551 315 3607 scit
335 3552 415 3607 enim
436 3551 522 3620 cujns
541 3548 648 3604 debeat
668 3551 815 3604 misereri.
839 3549 943 3606 Cordis
1000 3549 1050 3606 nei
1065 3550 1197 3622 suntqni
1212 3554 1389 3613 nascuntur,
1417 3564 1514 3675 nervae
1529 3547 1581 3604 lilii
1604 3549 1737 3606 diaboli.
1755 3548 1825 3617 Quid

114 3624 194 3679 enim
215 3625 367 3695 inspector
385 3621 522 3694 providet
541 3619 720 3692 postulantis
742 3627 883 3689 mentem,
904 3638 943 3678 an
998 3619 1447 3677 enimdicitSalvatorludaeisi
1484 3618 1824 3691 oedepntrediadoloestte,

115 3700 265 3750 mereatur
278 3698 422 3764 accipere.
444 3693 576 3764 Denique
591 3691 662 3746 dicit
681 3707 734 3763 per
753 3693 942 3763 prophetam,
997 3700 1022 3748 et
1034 3710 1116 3749 conca
1136 3692 1450 3763 iaceatioepctrisveslri
1465 3689 1547 3746 cultu
1559 3691 1651 3763 [acere
1666 3693 1822 3764 (loomin,

115 3765 193 3821 Plebs
207 3765 263 3820 haec
277 3765 357 3820 lobiis
372 3783 411 3820 me
425 3765 607 3828 hortaremur
618 3768 708 3818 autem
721 3779 811 3820 eorum
823 3763 944 3835 loupeest
997 3764 1054 3836 tt),
1068 3766 1099 3820 vt
1124 3780 1156 3820 es
1172 3762 1390 3834 ergooperibus
1402 3769 1430 3818 et
1444 3762 1632 3832 professione
1643 3763 1724 3820 lilios
1739 3768 1823 3821 creari

115 3852 187 3890 nme
200 3836 369 3901 (Isaixxix,
388 3838 440 3906 ta).
455 3839 528 3890 Nam
545 3834 725 3890 simulatoris
738 3836 874 3891 animum
882 3836 944 3907 jus·
997 3834 1109 3891 diaboli
1131 3836 1206 3892 :hos
1222 3840 1322 3890 autem
1338 3832 1492 3889 esseillius
1507 3833 1565 3897 [lei.
1582 3835 1637 3906 qui
1653 3835 1823 3892 confitentes

115 3910 236 3962 tumeat
251 3911 282 3960 ut
297 3906 425 3962 obduret
440 3907 494 3970 Oui
514 3906 594 3960 enim
608 3920 666 3959 uon
680 3922 734 3977 per
745 3922 887 3973 errorem,
898 3922 944 3962 ve·
999 3909 1153 3979 proprium
1164 3921 1228 3961 esse
1240 3908 1331 3961 Deum
1350 3906 1464 3960 Putrem
1476 3903 1596 3970 Christi,
1612 3913 1694 3962 recte
1711 3921 1821 3964 versan-

115 3991 182 4032 rum
196 3982 284 4031 vocat
309 3976 430 4039 lalsum,
446 3975 499 4030 sed
520 3991 572 4047 per
587 3975 840 4044 malevolentiam,
857 3982 889 4034 ιιι
900 3978 944 4034 in·
999 3984 1055 4033 tur.
1068 3979 1114 4036 Sic
1131 3978 1210 4033 enim
1228 3978 1304 4032 Deus
1319 3977 1442 4031 instituit
1454 3990 1548 4045 genus
1561 3984 1714 4042 nostrum.
1727 3984 1758 4035 ut
1768 3978 1821 4034 sine

115 4046 251 4117 telligeus
266 4047 391 4113 bonurn,
412 4048 452 4101 lin
477 4052 505 4100 at
531 4062 562 4100 se
587 4048 700 4101 nescire
719 4048 802 4120 quod
828 4049 941 4104 bonum
997 4064 1087 4105 sensu
1104 4063 1273 4111 nascamur,
1289 4046 1516 4119 possibilitatem
1533 4052 1636 4103 tamen
1660 4049 1820 4106 habeamus

115 4123 170 4186 est,
189 4123 219 4174 ut
230 4125 383 4199 conuertat
398 4062 651 4198 illudinmalntm
668 4116 725 4172 hoc
740 4119 841 4190 utique
854 4119 942 4177 debet
997 4119 1144 4185 discendi,
1161 4121 1221 4175 sive
1237 4119 1328 4185 bona,
1341 4117 1404 4173 sive
1428 4116 1508 4176 mala
1525 4133 1532 4183 ;
1550 4124 1581 4173 ut
1599 4118 1659 4189 ipsi
1673 4121 1763 4176 nohis
1778 4122 1819 4175 aul

112 4189 153 4258 illi
169 4195 314 4262 praestari,
327 4194 358 4245 ιιι
373 4205 439 4245 vere
454 4203 515 4244 nou
530 4187 673 4257 intelligat
694 4188 820 4255 bouum,
835 4206 871 4247 ne
886 4192 943 4247 sal·
998 4190 1079 4248 mala
1093 4192 1298 4263 acquiramus,
1314 4195 1366 4246 aut
1377 4189 1459 4245 bona
1473 4206 1480 4244 ι
1494 4188 1671 4247 utloetemur
1686 4191 1719 4247 in
1732 4190 1819 4254 nohis,

114 4266 208 4327 vetur,
225 4260 307 4334 quod
324 4276 385 4317 non
401 4259 471 4316 vult.
486 4262 542 4315 Nec
557 4259 636 4314 enim
653 4259 769 4330 justum
783 4267 836 4327 est,
854 4267 884 4317 ut
900 4263 942 4317 in·
997 4278 1065 4318 cum
1080 4269 1158 4318 recte
1173 4268 1295 4333 agentes
1311 4274 1560 4331 remuneramur,
1588 4267 1644 4318 aut
1667 4261 1729 4334 ipsi
1741 4262 1818 4319 nobis

113 4334 193 4388 vitus
210 4333 351 4399 salvetur,
367 4332 419 4404 qni
445 4346 506 4387 non
523 4346 576 4402 per
599 4331 799 4400 ignorantiam
814 4332 940 4389 salutem
997 4334 1191 4405 imputemus,
1208 4332 1233 4388 si
1250 4348 1343 4405 prava
1358 4338 1517 4403 sequentes
1531 4331 1787 4389 condemnemur.

113 4404 236 4477 spernit,
250 4404 302 4459 sed
318 4420 370 4477 per
386 4402 531 4459 malitiam
553 4400 598 4457 vel
613 4402 769 4458 invidiam.
787 4403 837 4457 His
852 4405 942 4474 igitur
1033 4404 1069 4478 (a)
1085 4405 1237 4470 hominus,
1251 4420 1320 4459 cum
1345 4402 1397 4459 lilii
1410 4402 1499 4458 lsrael
1521 4418 1601 4474 saepe
1617 4404 1816 4477 delinquerent

114 4475 308 4532 confirmatur
322 4475 418 4545 magis
445 4474 573 4530 liberum
589 4473 742 4530 arbitrium
759 4490 851 4545 quam
876 4475 942 4531 des·
996 4476 1093 4532 educti
1108 4476 1288 4548 deAEgypto,
1302 4474 1404 4540 iratus,
1416 4473 1660 4530 nullnmillorum
1673 4476 1705 4531 in
1718 4482 1815 4532 terrant

113 4548 230 4612 truitur,
243 4551 275 4601 ut
291 4546 452 4619 unicuique
466 4561 519 4672 gro
536 4550 603 4601 voto
626 4561 681 4602 suo
705 4546 936 4618 respondeatur.
995 4546 1207 4674 Kromissionis
1220 4546 1329 4601 intrare
1340 4544 1815 4617 permisit,exoeptocalebetlesn

150 4616 187 4687 (b)
200 4617 287 4672 Nullo
298 4633 406 4686 genere
419 4632 452 4672 ex
493 4619 517 4672 is
529 4616 613 4671 liberi
626 4617 738 4672 arbitrii
752 4634 844 4674 cansa
858 4625 942 4689 pote·
1021 4616 1684 4688 ave.Filiosautemeortimquinatiluerantin
1698 4618 1814 4680 deserto,

113 4687 283 4743 rilturbari.
292 4688 536 4744 Sienimdiclaad
547 4688 941 4762 causamrelerasquadicta
995 4688 1077 4761 ipsos
1087 4689 1162 4746 dixit
1175 4688 1347 4754 intraturos,
1356 4703 1392 4744 εο
1401 4687 1641 4760 quoduescirent
1650 4688 1815 4746 bonumattl

114 4761 195 4823 sunt,
207 4760 282 4813 scies
298 4759 367 4815 hinc
380 4776 429 4815 ma
451 4760 476 4815 is
487 4758 600 4814 arbitrii
611 4757 694 4814 liberi
702 4759 815 4816 firmari
822 4767 942 4817 senten·
996 4761 1121 4816 malum.
1131 4758 1474 4816 Nescireautemhonum
1484 4757 1528 4813 vel
1538 4759 1668 4828 malum,
1682 4760 1815 4833 simplici·

114 4829 199 4885 liam.
210 4828 286 4884 Cum
295 4830 374 4911 euim
385 4774 481 4885 ludaei
495 4829 595 4911 studio
607 4829 826 4911 malevolentiae
835 4831 941 4888 suaede
996 4836 1043 4886 tas
1056 4831 1195 4905 quadam
1208 4838 1250 4886 est
1263 4830 1415 4896 naturalis,
1424 4831 1643 4903 quaeneqnead
1653 4831 1768 4888 bonum
1777 4844 1815 4911 ne

114 4901 269 4957 Salvatore
281 4900 423 4966 dicerent,
434 4900 530 4955 Nonne
542 4901 586 4954 lue
600 4905 637 4954 ert
647 4899 723 4971 filrur
737 4902 846 4973 loseph,
861 4906 940 4971 cujus
995 4919 1054 4974 que
1064 4903 1100 4959 ad
1117 4902 1229 4958 malum
1243 4901 1360 4957 erudita
1370 4908 1433 4957 est:
1448 4902 1506 4957 hoo
1516 4908 1570 4966 εει,
1579 4901 1753 4972 ignorantia
1764 4915 1815 4957 une

112 4971 806 5053 nmnwimusputremlQuomodoerpohe'cdicit,
823 4974 941 5039 Quiude
996 4974 1119 5031 malitia.
1134 4974 1201 5029 Sine
1228 4988 1319 5029 sensu
1345 4973 1425 5028 enim
1451 4972 1614 5042 nascimur,
1643 4974 1699 5030 ssd
1725 4979 1816 5031 nostra

112 5044 175 5100 celo
184 5043 305 5099 ἁεεεεεάι
319 5044 332 5101 i
348 5042 391 5098 sd
406 5043 461 5097 hoo
475 5042 629 5113 respondit
642 5043 746 5099 Jesus:
762 5044 846 5100 Nemo
857 5052 940 5115 polest
995 5051 1104 5101 nutura
1119 5061 1214 5115 capax
1228 5049 1272 5100 est
1284 5043 1415 5100 ediscere
1432 5044 1595 5099 veritatem.
1612 5044 1705 5100 Filius
1725 5052 1815 5103 autent

112 5115 313 5179 venireodma
328 5114 384 5169 nisi
398 5113 482 5169 Peter
495 5113 626 5184 qnimiu't
638 5130 685 5176 me,
702 5116 854 5170 attraxerit
869 5133 937 5173 eum.
995 5116 1107 5173 diaboli
1123 5123 1176 5182 est,
1216 5115 1244 5170 ui
1266 5120 1354 5171 natus
1384 5113 1469 5170 malis
1496 5113 1587 5170 rebus
1610 5115 1759 5185 imbutus,
1787 5114 1816 5170 iis

112 5188 195 5243 Nunc
211 5186 376 5242 videndum
394 5191 438 5240 εει
456 5184 611 5256 quomodo
628 5186 717 5241 trahit
732 5189 824 5242 Pater.
843 5188 939 5260 lpsins
996 5132 1588 5260 studetqueeaffirersusCreatoremsunt,
1600 5186 1817 5244 dicensmultos

114 5257 275 5314 Salvatoris
286 5257 410 5314 verbum
424 5261 561 5311 sumatur
574 5272 581 5322 ;
594 5257 665 5311 dicit
677 5258 768 5320 enim.
782 5258 869 5329 Opere
879 5276 938 5330 quse
994 5274 1060 5314 esse
1076 5260 1159 5324 deos,
1172 5263 1200 5314 et
1213 5258 1248 5312 iis
1263 5256 1494 5313 sacrificandum
1505 5257 1592 5329 quasi
1608 5259 1718 5315 mundi
1731 5262 1818 5315 recto·

112 5328 195 5399 facio,
206 5329 290 5385 Pater
308 5329 387 5398 sarit.
402 5327 512 5384 Credite
523 5328 589 5400 prtia
602 5345 648 5399 epo
662 5328 692 5382 in
703 5328 797 5397 Patre,
817 5338 841 5385 et
855 5331 940 5386 Pater
994 5330 1086 5386 ribus.
1103 5330 1154 5385 llic
1164 5330 1187 5384 si
1196 5329 1361 5400 resipiscat,
1375 5328 1412 5384 ad
1428 5327 1594 5384 naturalem
1602 5330 1819 5401 regressusjus·

113 5399 144 5454 io
157 5416 210 5456 me.
228 5400 256 5455 Si
274 5416 345 5470 ergo
357 5400 386 5455 in
398 5399 470 5455 Filio
482 5400 723 5472 Pateroperatur‚
737 5405 938 5472 operaautem
994 5402 1100 5528 ιιιίειέι,
1113 5399 1366 5526 ιεείριειιῖιιιιιῧιιι
1393 5398 1511 5463 Christi,
1531 5400 1587 5456 erit
1600 5400 1685 5457 lilius
1701 5402 1752 5458 liei
1764 5417 1772 5457 ε
1786 5414 1818 5457 ac

281 5509 285 5517 -
326 5507 331 5517 ·
430 5506 434 5516 ·
691 5506 696 5516 ·
864 5507 869 5518 ·
1013 5488 1045 5528 er
1085 5486 1177 5527 ncne
1202 5487 1237 5525 ue
1261 5471 1301 5526 'ii
1341 5472 1450 5526 eisnnt
1487 5470 1746 5537 uinascuntur,n
1788 5484 1820 5527 ne

113 5504 393 5628 ql3,1}'5,¹,{⁸,⁸‚¹⁸¹¹¹²³¹⁰
412 5505 516 5556 V¹⁶⁰¹⁰f
541 5509 634 5557 ΜΨ
650 5505 730 5569 ¹¹¹¹J¹¹⁸
748 5511 939 5572 ⁸⁰l⁰⁰⁰¹¹⁸l⁰⁰
994 5488 1117 5600 fissam.
1134 5487 1210 5609 cuia
1225 5542 1306 5598 enim
1326 5541 1399 5598 arcu
1415 5486 1551 5599 salsus
1567 5542 1713 5600 iuuant
1733 5486 1820 5601 dle

144 5625 178 5687 th)
193 5626 308 5685 Quaestio
321 5629 414 5680 eadem
431 5644 464 5681 ex
478 5630 543 5684 llss.
558 5631 671 5682 secundi
680 5631 786 5694 generis
799 5631 869 5683 inter
877 5635 939 5698 post
1025 5632 1062 5695 (ε)
1076 5631 1191 5693 uuastio
1208 5629 1303 5681 eadem
1331 5644 1364 5680 ex
1393 5628 1455 5680 llas.
1484 5629 1597 5681 secundi
1614 5632 1736 5697 generis.
1756 5632 1822 5685 iuter

112 5686 238 5757 vulgatas
251 5702 284 5741 ex
299 5690 374 5743 Novo
388 5693 458 5743 Test.
476 5693 615 5757 masalma
624 5694 753 5749 secunda·
996 5696 1058 5760 post
1069 5694 1194 5760 vulgatas
1205 5706 1239 5744 ex
1253 5692 1328 5747 llovo
1341 5692 1413 5745 Test.
1430 5691 1643 5761 φειεεςεειωε
1653 5695 1755 5763 prims.
