3952 6150
47 212 50 217 ,
112 137 180 202 tart

113 284 184 327 caro
199 265 238 323 ad
251 262 457 322 contusionem
470 259 663 333 prudentium
679 256 783 312 mundi
797 258 828 313 iii
848 256 939 314 enetos

112 339 242 404 sublata,
262 335 402 396 coelestia.
419 335 567 389 terrestria
580 336 609 388 et
622 329 738 385 interna
754 344 832 384 uuus
845 329 894 384 [tei
911 332 940 385 et

113 412 232 470 bomini
246 409 452 465 demonstrata
473 404 479 460 ι
504 406 616 475 ltaque,
633 400 737 456 iratres
758 399 937 470 charissimi,

113 485 195 542 bunc
209 482 288 537 diem
305 479 412 534 festum
426 476 520 531 colere
535 481 561 528 et
573 472 704 527 reserari
717 471 873 537 debemus,
890 472 938 526 de·

115 555 177 613 voti
189 553 248 608 Deo
263 567 332 607 cum
349 547 496 604 modestia
510 547 574 600 vitoe
590 552 617 599 et
632 542 864 608 saimaieinis,
882 549 940 598 tnr-

115 626 167 700 pia
180 632 209 681 ει
228 623 385 679 inhonesta
399 618 535 682 vitantes,
562 619 593 669 nt
617 614 656 669 ad
671 616 799 669 fructum
821 615 940 670 Paschae

114 687 938 761 ueniremereamurperChristumDominumuostruin,

118 769 164 827 cui
180 771 226 824 est
237 766 333 821 bonor
348 767 376 817 et
390 759 484 831 gloria
499 759 527 812 iu
545 757 654 812 soecnla
668 756 856 812 saeealoram.

430 847 462 885 ur
477 845 622 885 raineirio.

156 907 243 966 Cllllll
256 906 305 977 (b).
315 936 349 943 -
363 903 397 957 lu
409 901 618 973 praecipitauere
637 897 748 953 Verbum
762 898 852 967 (loca.
867 912 886 962 i,
905 898 940 967 t).

119 979 196 1047 Quid
211 969 826 1049 estinpiincipio?Quoniamlegimusetin
841 969 942 1024 reteri·

118 1052 176 1109 bns
191 1049 297 1113 Libris,
309 1048 344 1102 In
364 1044 499 1117 principio
511 1042 578 1114 feeit
599 1041 669 1096 licus
683 1040 774 1096 celum
794 1047 822 1095 ει
840 1046 943 1094 terrain

118 1124 198 1193 (Gen.
215 1136 235 1188 i,
255 1121 289 1192 t).
306 1121 338 1173 Et
354 1118 383 1172 ιιι
397 1115 529 1187 Epistola
543 1115 619 1183 ejus,
643 1114 728 1181 cnjus
749 1111 943 1181 Evangelium

120 1201 173 1257 εει,
190 1192 228 1248 de
242 1191 328 1260 cnjus
342 1188 489 1260 principio
516 1185 631 1257 aliquid
656 1199 801 1239 conamur
817 1184 942 1250 edicere,

120 1265 226 1322 eodem
236 1278 326 1317 sensu
339 1258 542 1330 significatam
557 1263 602 1311 εει
615 1272 621 1310 ;
639 1256 678 1310 ait
689 1255 781 1319 enim,
797 1253 871 1322 Quod
883 1261 944 1307 erut

119 1335 152 1391 ab
162 1337 254 1389 initio.
271 1336 290 1388 E
314 1333 400 1386 istola
410 1335 512 1399 ergoet
525 1326 717 1397 Evangeliuin
730 1342 823 1380 uuum
835 1326 945 1380 liabent

121 1422 255 1463 sensum.
268 1348 354 1459 itiiad
367 1401 447 1457 enim
460 1405 504 1455 est
520 1401 601 1469 qiiod
615 1414 644 1452 in
654 1398 740 1452 reteri
757 1397 807 1462 uit,
824 1396 857 1450 lu
865 1397 946 1466 priu-

121 1479 193 1550 cipio
205 1477 268 1549 feeit
284 1475 355 1530 Deus
363 1473 455 1527 eoelum
468 1477 492 1525 ει
506 1478 630 1538 terram,·
648 1474 674 1522 ει
687 1467 768 1523 aliud
784 1484 852 1522 cum
865 1467 944 1546 dicit,

121 1551 157 1606 In
190 1548 309 1617 riaeipio
329 1552 388 1600 erat
421 1542 559 1608 Verbum;
583 1549 620 1604 et,
644 1540 718 1605 Quod
734 1542 793 1593 erut
816 1539 849 1592 ub
865 1539 947 1592 initio

124 1620 145 1692 (l
178 1635 239 1677 coir.
260 1634 278 1681 ι,
299 1618 333 1689 ι).
356 1619 386 1670 Ιιι
404 1613 550 1684 principio
569 1613 648 1665 cniui
664 1625 737 1671 esse,
754 1613 783 1664 et
801 1609 840 1664 ab
864 1608 946 1663 initio

123 1707 197 1756 esse,
214 1705 306 1745 iinnm
322 1686 479 1756 siguificat,
495 1685 545 1755 qni
558 1683 596 1737 ab
608 1683 690 1736 initio
706 1680 789 1761 qnod
804 1684 876 1761 erui,
887 1696 947 1735 noa

124 1764 214 1832 coepit
227 1776 301 1816 esse.
319 1757 401 1824 Quod
415 1757 494 1811 enim
519 1754 621 1823 incipit
638 1767 713 1817 esse,
730 1753 768 1806 ab
783 1758 867 1806 mitio
886 1766 947 1805 non

124 1839 187 1890 erat
201 1848 208 1886 ι
223 1836 252 1887 ει
266 1830 333 1886 ideo
349 1827 504 1896 subjicitor
523 1825 615 1888 initio,
637 1823 665 1878 id
686 1828 740 1888 est,
759 1828 789 1877 ut
804 1824 879 1877 inter
894 1839 947 1877 εει·

124 1909 188 1962 tera
206 1904 236 1958 in
252 1901 356 1957 ordine
373 1901 485 1970 primns
505 1897 553 1961 ειι,
574 1895 646 1966 qaia
661 1894 723 1966 ipse
737 1894 820 1949 initio
844 1893 947 1959 lactus,

126 1974 201 2033 alios
209 1975 372 2045 coepitpost
381 1986 413 2025 sa
424 1970 543 2031 habere,
553 1967 604 2037 qui
616 1965 776 2036 postillam
790 1970 860 2021 suut
870 1964 948 2020 lacti.

127 2045 360 2115 siccingimus,
377 2043 447 2114 quia
462 2039 492 2093 in
505 2038 644 2118 praccipio
653 2037 719 2106 fecit
736 2036 807 2091 lieres
821 2035 914 2090 caelum
927 2040 951 2090 ει

128 2125 231 2174 terrum
243 2133 250 2171 :
263 2131 322 2172 non
334 2112 416 2177 dixit,
429 2112 461 2166 lii
471 2109 615 2180 principio
626 2114 687 2162 erat
696 2108 805 2162 coelum
814 2115 842 2162 ει
855 2114 950 2173 ιειιιι,

128 2191 200 2263 quia
215 2204 283 2243 cum
309 2200 369 2240 non
385 2187 492 2248 essent,
517 2188 544 2235 et
559 2180 730 2250 disponeret
755 2181 830 2233 lleus
857 2178 953 2233 lacere

127 2260 287 2323 mundam,
299 2257 329 2312 in
341 2256 497 2328 principio,
506 2253 563 2307 hoe
576 2259 619 2305 εει
628 2252 702 2305 ιιιιει
716 2256 820 2305 ειειειιι
833 2266 901 2321 qum
913 2248 951 2303 ud

129 2330 234 2389 mundi
261 2328 407 2385 lubricam
429 2325 616 2398 proficerent,
635 2323 764 2392 primum
785 2320 853 2377 lecit
876 2322 953 2376 Dens

129 2401 238 2460 coelum
253 2407 280 2456 ει
295 2408 403 2455 terram
418 2414 425 2464 ;
440 2396 511 2468 qnia
527 2393 707 2476 principium
724 2393 838 2447 initinin
853 2398 898 2447 εει
913 2391 955 2446 in·

130 2466 267 2532 choantis
282 2468 405 2542 aliquid.
418 2468 499 2539 quod
512 2472 548 2520 ειι
564 2464 693 2535 ριιιιιιιιιι
704 2465 733 2518 in
749 2464 862 2519 ordine·
880 2462 954 2517 lllud

130 2551 231 2603 eutem
246 2541 328 2616 qnod
344 2539 461 2603 dicitnr,
478 2538 549 2610 quia
565 2537 593 2590 iu
612 2536 750 2607 principio
769 2542 840 2597 erat,
855 2532 884 2589 id
899 2539 954 2597 est,

131 2616 271 2681 Verbum,
288 2618 355 2669 ante
371 2609 592 2666 inchoationem
618 2613 759 2662 creaturae
775 2621 912 2677 supernae
928 2611 956 2659 ct

130 2687 254 2744 inferna
268 2683 452 2754 significatur
462 2680 567 2737 tuisse:
582 2683 611 2732 nt
623 2693 683 2732 non
696 2679 796 2748 utique
807 2683 881 2731 iuter
892 2677 956 2731 biee

130 2775 197 2830 quae
225 2762 324 2813 ereata
354 2758 432 2817 sunt,
461 2751 543 2822 prius
573 2748 683 2803 lactum
714 2747 923 2818 intelligeretur
946 2764 954 2817 ;

131 2830 205 2901 quia
220 2829 250 2882 in
266 2825 412 2898 principio
423 2827 486 2877 erat
500 2835 568 2875 cum
585 2820 659 2873 Deus
676 2819 846 2889 disponeret
859 2818 956 2874 lacere

132 2907 312 2955 creaturam.
326 2898 402 2965 Ergo
426 2894 450 2948 si
467 2894 494 2947 in
510 2891 657 2963 principio
671 2896 742 2954 erat,
765 2889 795 2944 id
818 2895 871 2954 est,
889 2895 957 2944 ante

131 2971 235 3026 omnia
249 2972 321 3031 erat,
337 2979 455 3036 semper
467 2970 539 3019 erat.
552 2962 681 3033 ideoque
696 2967 725 3016 et
739 2960 868 3016 Verbum
884 2968 955 3017 erat,

132 3039 212 3097 Ubii
224 3039 306 3113 Apud
321 3041 415 3100 Deam,
433 3036 538 3118 inquit,
549 3040 581 3088 ιιι
591 3048 651 3088 ιιοιι
662 3033 783 3104 indigue
797 3032 879 3087 initio
889 3031 958 3087 snb·

129 3112 242 3185 jectum
272 3109 395 3166 minime
416 3111 623 3168 estimaretur,
651 3106 734 3177 qnod
750 3119 868 3175 semper
895 3108 959 3159 erat

134 3183 216 3256 apud
239 3184 342 3237 iteum.
360 3177 504 3236 Convenit
518 3176 599 3231 enim
623 3181 653 3230 ut
668 3175 749 3248 qnod
770 3184 839 3230 ante
855 3175 959 3230 omnia

134 3255 215 3328 apud
233 3256 323 3310 ileum
340 3257 413 3315 erat,
429 3248 500 3304 nulli
516 3247 693 3318 subjiciatur
703 3246 795 3302 iuiti0.
812 3246 892 3303 Unde
907 3245 959 3301 ud·

129 3327 200 3399 jecit
218 3342 225 3380 :
239 3325 277 3381 Ει
291 3325 437 3378 Deiecerat
467 3318 594 3376 Verbum.
615 3321 697 3374 Nunc
716 3318 844 3373 ostendit
857 3322 958 3389 aperte

156 3399 279 3469 niaquoe
292 3394 471 3467 supradicta
484 3396 564 3453 sunt.
576 3395 744 3457 congruunt
762 3388 857 3443 Vrrbo
868 3406 875 3455 ;
886 3387 959 3460 quia

161 3485 206 3525 eur
216 3475 264 3534 εει,
278 3466 385 3539 inquit,
407 3463 522 3520 Verbum
531 3480 541 3516 :
552 3467 579 3516 et
590 3461 624 3515 de
636 3460 696 3516 Deo
706 3460 790 3515 aliter
803 3475 862 3515 non
872 3475 957 3531 opor·

133 3546 174 3598 tet
189 3538 402 3609 sentiri,quam
413 3541 570 3605 utsemper
584 3531 702 3587 dicatur
713 3530 817 3587 tuisse.
838 3532 865 3588 Si
878 3533 958 3586 enim

135 3611 225 3684 eoepit
237 3624 314 3678 esse,
325 3615 462 3665 creatura
477 3612 520 3660 εει
535 3623 542 3671 ;
556 3602 580 3659 ει
592 3612 728 3658 creatura
741 3609 795 3669 est,
808 3602 883 3658 Deus
899 3618 959 3657 uon

134 3687 189 3740 est.
206 3680 356 3752 Quidquid
371 3679 450 3734 enini
467 3680 520 3738 εει,
536 3681 587 3731 aut
601 3675 678 3729 [lens
694 3681 745 3737 εει,
763 3680 812 3729 ant
824 3679 959 3729 creatura

134 3758 179 3809 εει
191 3770 197 3808 :
212 3769 245 3808 uc
257 3768 310 3822 per
320 3751 376 3806 hoc
389 3751 437 3804 Dei
454 3763 561 3803 nomeu
576 3762 636 3802 uon
649 3747 790 3812 competit
805 3749 958 3801 ereatura.

134 3824 191 3880 Sed
204 3823 276 3895 quia
291 3836 352 3877 non
367 3821 457 3891 coepit
468 3835 532 3874 esse
548 3819 621 3889 (erat
636 3817 737 3887 enini),
752 3817 841 3885 (ligne
854 3815 960 3871 dicitur

136 3898 222 3951 Deus.
234 3894 320 3963 Apud
331 3893 423 3947 Deum
432 3896 533 3946 autem
545 3887 959 3958 ideodicitnrsemper-luisse,

135 3965 207 4037 quia
223 3979 282 4018 non
296 3980 333 4018 ex
348 3979 389 4025 se,
406 3962 459 4018 sed
475 3978 510 4015 eii
525 3963 582 4014 Deo
600 3960 676 4014 tleus
691 3965 743 4014 est.
759 3959 960 4024 Quamobrem

136 4042 164 4092 et
178 4050 289 4090 nomen
302 4035 368 4106 ejus
379 4032 487 4087 dicitnr
501 4029 629 4084 Verbum
640 4030 700 4094 Dei,
715 4031 791 4085 sicut
802 4030 960 4099 lidescjus·

136 4107 207 4163 dem
222 4104 410 4175 evangeliste
434 4103 463 4158 in
487 4101 667 4156 revelatione
688 4117 743 4155 sua
764 4100 959 4156 demonstrat.

136 4178 184 4235 uit
197 4177 279 4233 enim
292 4177 367 4233 inter
381 4180 486 4231 caetera
501 4174 655 4227 :Elaoraea
667 4172 723 4243 ejus
733 4178 771 4226 est
789 4172 899 4228 Verbum
911 4172 962 4227 uei

136 4251 232 4322 (Apoe.
245 4264 306 4316 xix,
321 4250 376 4318 lt).
392 4244 514 4303 illenim
532 4259 591 4299 non
608 4243 670 4314 ipse
683 4260 718 4299 ex
733 4259 794 4315 qno
810 4251 880 4300 suut
894 4260 962 4298 om·

138 4321 190 4378 nia
204 4320 432 4391 significaretur,
449 4315 500 4371 sed
523 4331 575 4387 per
590 4330 680 4386 quem
695 4316 703 4350 ¹
720 4317 915 4379 sumamma,
932 4316 961 4369 id

138 4397 184 4448 est
198 4408 259 4449 uon
275 4392 369 4457 Pater,
385 4389 438 4445 scd
453 4387 552 4443 Filius.
578 4385 705 4441 Verbum
724 4387 772 4440 liei
795 4386 962 4457 appellatus

138 4469 182 4521 est
198 4481 204 4519 :
221 4469 253 4520 ut
265 4462 336 4534 quia
346 4462 424 4516 Deus
443 4461 505 4514 sine
524 4459 624 4515 Verbo
640 4473 705 4513 esse
721 4473 780 4512 uon
794 4464 902 4528 potest,
915 4457 962 4511 hic

138 4535 189 4608 qui
206 4535 335 4591 Verbum
348 4534 398 4588 [tei
412 4531 528 4593 dieitur,
543 4545 661 4599 semper
672 4529 752 4599 apud
765 4531 855 4584 heum
873 4528 962 4584 tuisse

139 4606 292 4675 credatur;
307 4612 335 4660 et
371 4604 421 4659 uia
433 4600 562 4657 Verbum
573 4616 632 4655 non
645 4605 688 4655 est
702 4606 784 4656 extra
796 4616 866 4656 enm
876 4600 962 4671 cujus

139 4677 269 4734 Verbum
285 4620 412 4740 estimo
436 4673 561 4729 verbnm
577 4671 658 4743 quod
680 4672 761 4743 apud
783 4675 874 4728 licum
891 4677 962 4750 erat,

139 4763 199 4805 non
216 4747 348 4811 aliunde,
362 4746 414 4802 scd
429 4743 466 4800 de
485 4745 542 4798 ιιεο
557 4758 622 4799 εεεε
640 4743 841 4813 signiticatnui
862 4742 964 4799 intelli·

140 4823 227 4889 gutur
244 4824 294 4874 :et
319 4816 441 4889 quiade
458 4815 517 4871 Deo
532 4819 586 4879 εει,
604 4831 664 4870 ιιοιι
684 4814 814 4869 absurde
832 4818 907 4869 bens
922 4814 965 4869 di-

139 4896 234 4948 cetur.
244 4891 345 4962 ltaque
355 4905 413 4946 non
425 4885 669 4949 duosdeoslacit‚
679 4887 771 4940 [teum
783 4885 872 4939 luisse
882 4884 964 4958 apud

139 4963 244 5019 Deum·
262 4962 290 5018 Si
306 4962 383 5017 enim
397 4963 496 5014 essent
516 4957 587 5022 duo,
604 4956 714 5011 diversi
729 4961 830 5011 essent
848 4964 964 5023 nutrire,

140 5050 195 5092 uec
211 5033 298 5089 unius
316 5030 487 5087 voluntatis.
505 5029 532 5085 Si
554 5027 707 5084 animnos
732 5028 869 5083 homines
895 5043 965 5083 cum

139 5106 230 5162 unius
243 5108 482 5165 sumusnaturei,
498 5100 624 5155 diversae
634 5106 734 5155 tamen
746 5116 851 5155 smnus
865 5098 967 5154 volun·

140 5178 208 5233 tatis
222 5193 229 5242 ;
246 5174 464 5248 quantomagis
477 5170 527 5226 ubi
542 5171 667 5227 diversae
678 5175 706 5226 et
720 5170 859 5225 naturaei
874 5176 901 5226 et
912 5185 967 5225 nec

141 5251 220 5305 Dens
235 5247 318 5318 apud
333 5248 426 5303 Deum
441 5258 506 5300 esse
528 5242 673 5298 diceretur
688 5244 709 5295 ¹.
728 5245 804 5296 tteus
820 5241 900 5297 enim
915 5242 967 5313 qui

140 5319 223 5392 apud
239 5322 330 5375 lteum
341 5323 404 5374 erat
416 5321 445 5372 et
455 5320 508 5379 εει,
522 5329 581 5370 uon
595 5330 631 5369 ex
648 5329 679 5368 εε
694 5312 785 5369 babet
799 5313 881 5383 quod
892 5316 967 5368 llens

142 5395 187 5445 εει
202 5407 209 5444 :
225 5391 248 5445 si
264 5389 439 5463 quominus,
454 5401 508 5441 nec
523 5385 605 5457 apud
617 5385 710 5439 Deum
726 5384 803 5440 Deus
815 5400 879 5440 esse
891 5385 968 5440 dice·

142 5466 232 5526 retur,
248 5477 345 5533 neque
361 5460 411 5515 [tei
426 5457 557 5513 Verbum
570 5456 648 5512 Dens
661 5456 787 5512 Verbum
802 5454 969 5529 appellare-

175 5556 243 5627 ¹bls.
258 5558 434 5612 Colbertinus,
451 5559 508 5627 pert
524 5569 607 5627 quem,

175 5617 236 5666 18ιε
251 5619 313 5668 bles.
323 5622 356 5669 ιιι
368 5619 441 5675 editi,
453 5618 497 5667 abr
511 5618 647 5666 diuersitas
656 5630 709 5665 aon
724 5621 760 5667 ert
774 5619 876 5666 acturo
889 5630 969 5681 neque

145 5679 296 5739 voluntatis,
314 5682 381 5731 Deae
398 5681 469 5744 apud
484 5679 563 5729 Derim
577 5680 713 5731 diceretur.

630 130 859 201 QUAESTIONES
880 129 927 188 EX
948 128 1117 201 UTROQUE
1137 127 1282 188 MlXlel.

1752 127 1818 188 2372

995 263 1042 314 tur
1054 275 1061 325 ;
1078 256 1130 313 sed
1141 257 1213 329 qnia
1224 254 1353 328 quodde
1366 256 1426 313 beo
1437 258 1494 323 εει,
1507 258 1569 313 ιιοιι
1582 254 1668 312 aliud
1677 254 1821 326 significat

995 345 1059 386 esse
1074 345 1167 401 quam
1190 331 1265 384 Dens
1278 334 1331 393 est,
1346 328 1477 384 Verbum
1492 328 1543 383 Dei
1555 329 1635 383 Deus
1646 333 1696 384 est
1709 342 1822 385 nuncn-

995 407 1092 474 patus,
1105 409 1135 456 ιιι
1144 399 1354 472 quiaVerboin
1363 399 1538 466 heldicitur,
1549 399 1727 456 adulterum
1735 403 1822 457 heum

996 489 1057 528 noa
1070 472 1223 529 referatur.
1240 471 1327 536 Quod
1341 477 1442 527 autem
1458 471 1538 527 Dens
1551 476 1689 536 vocatur,
1703 471 1772 527 ideo
1783 471 1822 538 fit,

996 559 1033 601 ne
1049 544 1087 599 ad
1103 543 1245 614 injuriam
1258 542 1306 597 lici
1319 542 1483 612 proliceret,
1491 543 1515 598 si
1529 544 1614 615 quod
1629 543 1670 598 de
1683 546 1742 598 ileo
1754 549 1823 609 erat,

997 619 1074 671 tiens
1088 616 1209 669 minime
1224 614 1381 669 diceretur.
1391 616 1481 684 igitur
1491 621 1520 669 et
1531 615 1631 671 unitas
1644 613 1700 669 Dei
1712 623 1826 671 serrata

996 694 1049 751 est,
1066 692 1094 740 et
1108 686 1209 741 debita
1230 685 1459 741 honoriticentia
1472 685 1591 742 reddita
1603 702 1611 751 ;
1625 686 1755 757 quaudo
1769 701 1826 742 non

996 757 1028 813 ιιι
1044 757 1164 830 propria
1176 757 1271 827 gloria
1286 772 1351 811 rece
1377 766 1422 811 tus
1435 763 1480 813 εει
1493 756 1542 811 liic
1554 758 1608 828 qui
1622 758 1663 812 de
1681 758 1740 812 Deo
1756 760 1826 812 heus

998 834 1051 899 est,
1064 830 1154 883 sedin
1166 774 1433 908 ejiisdequoiieus
1446 833 1499 883 εει.
1514 828 1571 883 Pro
1596 834 1682 884 terea
1690 829 1727 884 de
1736 829 1826 884 Verbo

997 898 1565 1025 incipitloqniEvangelinmpriusquem
1573 844 1828 972 iisquatiirdelteo

998 977 1083 1097 eme
1098 989 1104 1039 ;
1121 972 1193 1043 quia
1206 970 1390 1042 quaestiones
1405 986 1466 1027 non
1502 987 1519 1026 e
1534 972 1594 1026 Deo
1620 971 1712 1038 liunt,
1728 971 1781 1027 sed
1795 971 1830 1027 dc

1023 1044 1095 1099 erbo
1114 1043 1173 1099 ιιει.
1196 1045 1288 1098 Nemo
1301 1042 1381 1097 enim
1396 1042 1513 1098 dubitat
1527 1043 1565 1098 de
1582 1045 1656 1112 Deo,
1673 1040 1730 1097 sed
1744 1041 1781 1097 de
1797 1059 1829 1098 eo

999 1115 1103 1186 quiesi
1117 1114 1154 1169 de
1167 1117 1225 1169 lieo
1239 1113 1445 1170 hauseinais
1458 1113 1536 1169 enim
1550 1112 1829 1184 lingnacoelestium

999 1191 1028 1241 et
1045 1187 1225 1241 terrestrium
1242 1184 1349 1239 fatetur
1365 1201 1457 1240 unum
1473 1185 1567 1240 Deum
1583 1204 1592 1255 3
1609 1185 1664 1239 sed
1686 1185 1717 1240 in
1735 1201 1829 1241 sacra-

1002 1263 1101 1312 mento
1119 1259 1206 1311 uiiins
1222 1257 1270 1310 Dei
1288 1256 1433 1310 turbatur.
1446 1258 1586 1327 Trepidut
1601 1256 1687 1311 enim
1708 1257 1831 1312 audiens

1000 1329 1094 1383 Deum
1109 1328 1165 1383 dici
1184 1327 1310 1383 Verbum
1324 1329 1371 1382 liei
1389 1328 1619 1398 ;oorporalibiis
1637 1328 1720 1382 enim
1740 1328 1831 1383 modis

1002 1399 1148 1472 pulsatur,
1160 1400 1231 1471 qnia
1245 1399 1369 1473 verbnm
1381 1399 1512 1454 bominis
1526 1400 1620 1455 hoiuo
1638 1398 1700 1453 dici
1712 1413 1775 1454 non
1788 1414 1832 1470 po

1003 1477 1057 1527 test
1072 1488 1079 1524 z
1096 1487 1163 1525 cum
1191 1471 1291 1541 utique
1320 1469 1395 1525 Deus
1415 1478 1522 1525 natura
1542 1472 1580 1525 sit
1606 1469 1752 1541 simplex,
1777 1486 1832 1527 non

1004 1541 1147 1598 membris
1170 1542 1365 1611 compositus,
1382 1557 1476 1612 neque
1498 1542 1550 1613 qui
1574 1540 1658 1598 intus
1683 1542 1798 1598 lrabeat
1809 1547 1834 1596 et

1003 1612 1086 1680 foris,
1101 1628 1197 1684 neque
1211 1621 1279 1666 ante
1293 1618 1321 1667 ει
1336 1618 1413 1683 ροει,
1431 1619 1482 1668 aut
1496 1629 1655 1667 somnium
1671 1619 1699 1668 ει
1716 1614 1811 1668 imum
1826 1630 1832 1676 ;

1005 1684 1058 1740 sed
1070 1684 1096 1738 ει
1110 1691 1206 1757 potest
1218 1683 1286 1746 dici,
1304 1690 1381 1738 totns
1394 1684 1558 1754 peroiunia
1571 1684 1667 1748 idem,
1683 1699 1834 1757 nusquam

1005 1756 1107 1812 varius
1125 1755 1167 1810 vel
1183 1754 1330 1810 absimilis
1348 1771 1354 1810 :
1373 1771 1432 1810 una
1448 1759 1547 1810 autem
1573 1756 1698 1811 claritas
1714 1756 1781 1826 ejus
1795 1761 1835 1811 εει

1005 1827 1166 1883 ιιιιιιιειιεε.
1177 1829 1250 1881 Nam
1262 1827 1286 1880 si
1300 1827 1376 1897 ignis
1390 1842 1450 1881 uon
1461 1827 1551 1883 habet
1562 1827 1721 1883 anteriora
1734 1835 1763 1882 ει
1774 1842 1836 1899 pos·

1006 1898 1125 1962 teriora,
1146 1904 1198 1953 aut
1213 1898 1294 1952 intus
1317 1906 1346 1952 et
1366 1896 1447 1961 loris,
1466 1898 1702 1969 quantomagis
1721 1902 1837 1954 Creator

1007 1968 1733 2041 ejus?ltaqueqaiaomueqnodhensest,totum
1748 1986 1835 2024 unum

1008 2040 1836 2112 cst‚uondiserepatoumquiddebeoest.diciinrl)eus.

1008 2114 1048 2168 Ex
1069 2117 1150 2184 parte
1165 2127 1237 2181 ergo
1252 2111 1387 2166 humano
1408 2111 1556 2184 exemplo.
1573 2118 1657 2168 etex
1681 2118 1770 2184 parte
1784 2126 1837 2167 non

1008 2186 1153 2249 humano,
1170 2183 1221 2237 hei
1237 2183 1324 2237 Filius
1341 2182 1451 2254 quiesi
1467 2183 1595 2239 Verbum
1613 2186 1679 2251 liei,
1696 2186 1777 2239 lleus
1789 2190 1837 2239 est

1010 2255 1141 2311 Eaeuim
1157 2256 1344 2326 rationeque
1360 2253 1413 2308 filii
1426 2254 1585 2310 hominum
1601 2255 1749 2311 homines
1765 2262 1837 2317 ειιιιι,

1011 2327 1060 2382 [ιει
1076 2326 1166 2381 Filius
1181 2324 1257 2380 Deus
1274 2329 1318 2379 εει
1332 2346 1338 2378 :
1354 2323 1406 2380 sed
1421 2325 1492 2397 quia
1507 2343 1542 2381 eii
1558 2326 1783 2384 commixtione
1793 2325 1838 2381 tilii

1010 2398 1168 2454 bominum
1183 2397 1320 2452 homiues
1335 2402 1413 2459 sunt,
1431 2413 1491 2452 non
1513 2398 1572 2453 hoc
1586 2399 1735 2463 exemplo
1760 2398 1838 2454 Filius

1011 2470 1061 2525 liei
1078 2468 1154 2524 Deus
1168 2474 1231 2533 est;
1247 2468 1320 2538 qula
1334 2484 1369 2522 ex
1384 2468 1509 2539 simplici
1526 2469 1587 2525 Deo
1599 2470 1783 2541 simpliciter
1795 2485 1838 2524 na·

1011 2546 1060 2595 tus
1076 2544 1129 2595 est.
1141 2542 1172 2595 Et
1183 2537 1441 2610 quemadmodum
1456 2540 1579 2595 verbnm
1592 2548 1739 2597 nostrum
1749 2557 1784 2596 ex
1795 2555 1838 2596 no·

1011 2612 1058 2668 bis
1073 2618 1127 2678 εει,
1145 2612 1201 2665 lioc
1220 2610 1358 2681 exemplo
1374 2610 1544 2679 intelligitur
1559 2612 1697 2668 Verbum
1716 2613 1767 2667 Dei
1780 2626 1837 2666 esse

1011 2682 1049 2738 de
1059 2699 1094 2737 co
1108 2682 1177 2738 :sed
1189 2683 1260 2753 qnia
1276 2682 1399 2736 verbum
1412 2690 1547 2739 nostrum
1560 2699 1622 2739 non
1634 2690 1680 2739 εει
1692 2683 1756 2739 hoc
1766 2683 1838 2754 quod

1012 2771 1068 2810 nos
1080 2770 1196 2821 sumus,
1211 2768 1270 2808 non
1290 2752 1345 2808 hac
1361 2755 1474 2808 ratione
1496 2753 1629 2811 Verbum
1656 2755 1710 2810 Dei
1726 2755 1765 2811 de
1789 2757 1839 2809 deo

1013 2832 1055 2881 est
1070 2843 1076 2892 ;
1093 2825 1164 2897 quia
1176 2825 1303 2879 Verbum
1316 2825 1366 2880 Dei
1377 2839 1424 2879 res
1440 2830 1493 2890 est,
1505 2841 1565 2881 non
1577 2842 1675 2882 sonus
1687 2827 1743 2899 qui
1758 2826 1839 2898 depe-

1013 2898 1059 2952 rit.
1076 2899 1133 2953 Nee
1160 2896 1239 2952 enim
1262 2896 1332 2966 quia
1356 2896 1530 2953 eommunia
1547 2898 1703 2954 vocabula
1719 2898 1805 2953 nobis
1816 2900 1840 2951 ει

1012 2969 1071 3023 Deo
1087 2973 1166 3033 sunt,
1184 2982 1244 3022 una
1257 2968 1332 3022 ratio
1347 2967 1400 3023 erit
1416 2967 1504 3022 nobis
1519 2974 1548 3025 et
1564 2971 1626 3024 [teo
1642 2970 1673 3024 in
1689 2985 1792 3025 rerum
1806 2966 1839 3023 el-

1013 3038 1102 3095 lectu.
1115 3042 1189 3095 Nam
1204 3039 1343 3107 legimus,
1357 3038 1389 3093 lu
1398 3039 1538 3109 principio
1551 3040 1617 3111 fecit
1635 3040 1709 3098 Deris
1720 3040 1841 3096 cotenu

1014 3118 1125 3167 terram.
1142 3110 1300 3175 Quomodo
1315 3109 1382 3165 lecit
1396 3111 1571 3181 'iliumquld
1587 3111 1669 3167 sicut
1682 3129 1741 3167 nos
1758 3126 1841 3168 manu

1014 3182 1142 3239 iacimus
1161 3196 1253 3252 opera
1268 3183 1276 3217 ¹
1292 3178 1350 3235 tui
1365 3183 1393 3235 in
1410 3182 1554 3251 subjectis
1568 3183 1626 3238 :Et
1641 3182 1733 3249 dreit,
1744 3183 1840 3255 inquit,

1016 3253 1098 3317 Dius,
1112 3252 1178 3309 Fiat
1196 3253 1247 3308 lae
1262 3270 1271 3319 ,·
1284 3258 1310 3307 et
1329 3252 1402 3321 lacte
1417 3259 1454 3307 εει
1469 3253 1518 3308 lac
1532 3253 1615 3323 (Gen.
1633 3260 1659 3320 ι,
1672 3256 1715 3326 3).
1733 3257 1784 3312 Cui
1797 3268 1842 3380 Eu·

1016 3332 1114 3382 tamus
1132 3324 1266 3380 locutam
1292 3340 1356 3379 esse
1373 3326 1464 3380 [teum
1480 3323 1494 3379 i
1508 3325 1585 3390 Quia
1599 3341 1665 3381 non
1681 3329 1786 3398 utique
1817 3340 1843 3379 o·

1016 3398 1088 3451 mini
1099 3396 1216 3451 loeutus
1229 3401 1282 3457 εει,
1299 3395 1351 3451 sed
1362 3395 1388 3450 ei
1399 3397 1449 3468 qni
1460 3401 1563 3467 posset
1573 3398 1685 3462 lacere,
1701 3397 1755 3471 qni
1763 3396 1842 3453 etiam

1014 3466 1310 3523 hominemfactuiiis
1325 3473 1396 3530 erut,
1410 3468 1519 3523 sicutet
1531 3467 1609 3525 lecit.
1624 3468 1686 3524 Sed
1694 3468 1842 3542 quomodo

1015 3539 1133 3595 locutus
1145 3545 1188 3594 est
1198 3536 1379 3609 iniimqiiid.
1392 3539 1468 3593 sicut
1483 3555 1538 3594 nos
1553 3538 1724 3611 loquimur,
1738 3552 1842 3605 organo

1016 3609 1162 3680 corporali
1178 3609 1191 3664 ι
1212 3608 1306 3665 uasti.
1323 3608 1409 3664 Vides
1423 3625 1494 3679 eigo
1509 3611 1593 3681 quod
1616 3611 1770 3668 vocabula
1784 3610 1841 3683 qui·

1016 3683 1084 3737 dem
1101 3682 1187 3736 nobis
1202 3685 1231 3735 ει
1244 3681 1301 3735 Deo
1318 3684 1490 3736 communia
1508 3688 1586 3751 sant,
1604 3684 1660 3739 sed
1674 3682 1842 3754 discrepant

1016 3755 1047 3810 in
1061 3752 1166 3808 ellectu
1181 3768 1188 3807 ι
1212 3751 1294 3807 ειιιει·
1309 3751 1387 3807 ειιιιιι
1420 3754 1494 3808 ιιειιε
1509 3751 1578 3809 lacit
1592 3769 1691 3825 qnam
1724 3754 1841 3810 tacimus

1017 3841 1073 3880 nos
1091 3840 1097 3889 ;
1114 3833 1140 3879 et
1154 3824 1235 3894 loqui
1251 3822 1369 3889 dicitnr,
1384 3823 1435 3878 sed
1451 3840 1511 3879 non
1528 3840 1612 3881 inore
1627 3832 1745 3882 nostro.
1761 3825 1842 3881 Sicci

1017 3896 1147 3952 Verbum
1163 3896 1211 3949 ιιει
1225 3910 1284 3950 ιιοιι
1303 3894 1360 3949 tale
1388 3896 1510 3951 verbum
1525 3899 1581 3961 εει,
1595 3897 1675 3952 ειειιι
1701 3904 1841 3961 ιιοειιιιιιι,

1017 3966 1098 4040 quod
1116 3972 1275 4067 postquam
1294 3964 1336 4029 lit,
1353 3971 1471 4021 nonest
1488 3984 1495 4033 ;
1511 3967 1584 4022 illud
1602 3974 1708 4024 autem
1726 3971 1840 4029 mauet3

1017 4040 1089 4110 qaia
1104 4038 1160 4094 tale
1177 4037 1305 4092 terbum
1321 4044 1375 4102 est,
1392 4038 1473 4109 qaod
1498 4045 1526 4093 ει
1544 4038 1643 4106 ειιιιιι,
1658 4047 1689 4094 ει
1709 4039 1840 4112 loquitur,

1017 4116 1045 4166 et
1059 4114 1208 4179 operatur.
1225 4111 1286 4163 Nou
1304 4108 1400 4163 solnui
1414 4117 1514 4164 autem
1529 4109 1659 4166 Verbum
1671 4111 1725 4166 Dei
1736 4116 1790 4176 est,
1798 4107 1842 4163 sed

1018 4188 1046 4235 ει
1062 4182 1158 4236 Virtus
1174 4183 1202 4234 et
1219 4180 1369 4246 Sapientia
1387 4181 1446 4244 Dei,
1462 4181 1510 4236 hic
1530 4188 1573 4237 εει
1590 4182 1683 4237 Filius
1699 4183 1753 4238 Dei
1770 4199 1776 4236 :
1798 4178 1841 4251 qui

1018 4259 1165 4323 quantuni
1181 4250 1220 4306 ad
1233 4249 1371 4318 ellectum
1388 4252 1524 4323 pertinet,
1542 4253 1633 4308 Filius
1649 4253 1763 4309 dicitur
1778 4250 1841 4319 Dei;

1018 4329 1166 4396 qnantum
1181 4327 1281 4377 autem
1304 4322 1341 4377 ad
1359 4323 1551 4388 locutionem,
1574 4339 1637 4394 qua
1654 4340 1713 4379 nos
1726 4321 1842 4396 alloqui·

1019 4401 1063 4450 tur
1077 4398 1153 4450 tleus
1166 4409 1217 4465 per
1229 4392 1340 4464 ipsum,
1352 4395 1479 4450 Verbum
1491 4393 1598 4450 dieitur
1612 4397 1661 4451 liei
1676 4411 1684 4461 ;
1701 4406 1841 4469 quantum

1018 4482 1089 4522 vero
1104 4465 1144 4521 ad
1156 4464 1346 4534 sapientiam,
1360 4480 1421 4537 qna
1443 4480 1497 4521 nos
1513 4466 1592 4520 Deus
1607 4482 1662 4537 per
1680 4468 1783 4538 ipsum
1795 4464 1842 4519 do·

1020 4543 1063 4593 cet
1086 4542 1307 4593 sacramentum
1328 4553 1429 4602 saum,
1455 4537 1608 4606 Sapientia
1637 4538 1749 4596 dicitur
1773 4538 1843 4599 ltei;

1020 4616 1168 4681 quantum
1183 4613 1284 4663 antem
1299 4607 1338 4663 ad
1356 4608 1653 4680 operationemque
1674 4626 1732 4680 per
1756 4609 1843 4681 ipsum

1020 4681 1123 4736 omnia
1147 4678 1214 4733 lecit
1227 4683 1255 4734 ει
1280 4679 1349 4734 iacit
1365 4681 1453 4743 Dens,
1469 4681 1566 4734 Virtus
1580 4679 1691 4736 dicitur
1706 4681 1769 4736 Dei.
1786 4679 1844 4734 liuc-

1021 4750 1093 4807 unlli
1107 4750 1155 4806 alii
1172 4755 1295 4822 possent
1309 4756 1477 4823 competere
1492 4750 1548 4806 nisi
1564 4751 1641 4807 Filio
1659 4752 1722 4808 liei.
1738 4756 1845 4821 Propte-

1021 4839 1072 4878 rea
1083 4822 1163 4877 enim
1174 4820 1256 4894 quod
1272 4837 1307 4876 eii
1326 4821 1385 4878 Deo
1400 4822 1477 4877 Deus
1491 4828 1546 4886 εει,
1556 4823 1665 4879 omnia
1681 4824 1735 4880 ttei
1746 4823 1843 4880 habere

1021 4894 1138 4949 dicitur·
1156 4892 1399 4949 Nascendoenim
1412 4893 1515 4950 omnia
1530 4901 1718 4951 consecutas
1733 4901 1779 4950 est
1793 4891 1842 4948 ud·

1021 4965 1079 5021 Nec
1101 4965 1180 5019 enim
1196 4964 1376 5020 conveniens
1401 4969 1466 5021 erat
1477 4964 1610 5033 degener
1634 4966 1699 5023 dici
1726 4964 1842 5021 Verbum

1023 5037 1083 5099 liei,
1098 5042 1126 5091 et
1144 5035 1284 5090 Virtutem
1299 5042 1326 5090 et
1342 5036 1526 5106 Sapientiam
1543 5037 1591 5092 [tei
1610 5053 1618 5091 ι
1644 5038 1704 5094 hoe
1717 5044 1763 5093 est
1776 5036 1842 5092 enim

1024 5110 1101 5164 Deus
1115 5106 1258 5172 Verbum,
1271 5106 1367 5162 Virtus
1378 5111 1408 5162 et
1422 5108 1584 5176 Sapientia.
1600 5109 1741 5164 Christus
1756 5112 1842 5165 ειιιει

1023 5179 1094 5250 qnia
1111 5183 1187 5233 totns
1200 5178 1237 5232 de
1254 5183 1314 5233 toto
1329 5182 1371 5233 est
1388 5179 1532 5233 beaberis
1547 5194 1554 5244 3
1570 5185 1599 5234 et
1616 5180 1772 5251 Sapientia
1786 5177 1843 5233 dic'·

1024 5255 1072 5305 tar
1088 5249 1148 5314 itai,
1161 5255 1189 5305 et
1208 5250 1313 5312 Virtus,
1328 5254 1357 5304 et
1370 5249 1497 5305 Verbum
1513 5249 1592 5305 :hoe
1608 5258 1666 5317 est,
1682 5251 1777 5308 Deum
1789 5260 1844 5305 esse

1024 5322 1061 5377 de
1076 5324 1145 5383 Deo,
1157 5325 1185 5376 et
1199 5320 1281 5391 apud
1298 5323 1402 5376 Derim.
1422 5322 1542 5392 Propter
1555 5321 1643 5393 quod
1662 5323 1718 5388 ait,
1733 5322 1843 5378 linerent

1025 5393 1054 5448 iu
1087 5392 1206 5463 riaeipio
1216 5390 1288 5462 apud
1301 5393 1399 5448 Deum.
1409 5391 1451 5448 ud
1466 5392 1654 5449 evincendas
1668 5395 1751 5451 euim
1766 5396 1846 5449 inere·

1024 5410 1165 5519 duiorum
1181 5469 1295 5544 ruentes
1310 5469 1414 5521 coacta
1429 5463 1583 5535 Scriptura
1595 5467 1709 5537 erupit,
1719 5470 1846 5522 ιιιοειειι·

1025 5535 1107 5591 deret
1122 5535 1268 5590 Christum
1284 5550 1349 5591 esse
1364 5534 1469 5603 Deum,
1485 5549 1555 5593 cum
1570 5537 1659 5595 omni
1683 5537 1752 5595 ioco
1766 5548 1844 5611 prop·

1056 5680 1063 5710 ¹
1079 5677 1128 5727 lla.
1147 5677 1325 5736 colbertinus,
1340 5677 1449 5743 [εειειιιι
1461 5692 1553 5737 ιιιιιειι.
1565 5690 1656 5743 εμπ.
