3952 6150
8 19 1050 63 m..

131 308 208 371 lile
601 301 641 365 iti
663 300 825 366 toenitis
846 296 1115 378 Dilueiilluti,
1138 301 1172 364 S.
1195 300 1408 365 aueusvlul
1810 300 1892 363 litii

129 444 205 516 elus,
217 442 268 499 sed
282 457 338 499 oon
350 439 413 512 ipso
426 441 543 512 paueato
553 436 662 495 fautum
673 440 718 495 eat
728 440 761 494 ut
771 450 864 495 oeeue
879 449 981 492 nesce-
1034 432 1098 505 erit,
1116 436 1232 508 quando
1247 452 1334 493 nemo
1358 433 1463 508 poterit
1477 434 1589 505 opersri
1636 432 1699 491 Nox
1713 433 1770 491 isin
1783 434 1890 508 impio·

128 539 220 589 retur.
236 531 266 588 Si
279 547 348 603 ergo
373 545 432 586 non
455 533 572 603 peoeeto
597 529 705 586 laetum
721 533 765 586 eet
780 529 933 601 pareutum
948 527 982 582 ut
1034 540 1100 581 rum
1114 526 1188 583 erit:
1206 543 1261 583 nox
1275 525 1329 583 iste
1343 539 1443 583 eorum
1454 521 1628 597 eritquibus
1643 523 1674 580 in
1689 522 1748 581 fine
1763 522 1889 591 dicetur,

128 637 223 679 emens
234 624 414 690 neseeretur,
425 634 513 691 quare
527 634 622 676 oeeus
633 618 792 675 natusest?
804 614 980 687 Audimagi·
1032 614 1104 671 Item
1118 618 1211 686 ipuem
1224 624 1362 675 aetemum
1376 613 1425 689 qui
1435 620 1554 687 perotus
1564 620 1604 669 est
1618 613 1727 671 diabolo
1742 620 1769 671 et
1779 616 1890 688 expetis

126 714 221 768 strum
237 710 390 769 docentem
404 725 411 765 :
427 708 531 783 querit
542 708 721 775 credentem,
732 711 762 763 ut
773 707 858 763 iueiat
872 703 979 762 intelli·
1032 706 1101 777 eius.
1116 705 1171 763 Sed
1187 723 1241 763 nox
1257 706 1335 763 diote
1348 712 1402 776 est,
1414 719 1472 761 non
1487 707 1616 771 damma,
1632 719 1690 761 nou
1705 704 1794 777 ignis.
1812 706 1888 762 dudi

124 805 254 873 gentem.
269 800 337 872 lpse
347 815 466 856 suasam
476 797 547 854 dioit
557 813 647 869 quare
656 795 707 853 ille
718 811 812 854 eoeeus
822 795 862 852 ait
872 798 977 850 natus:
1032 793 1102 867 quia
1115 800 1145 851 et
1155 812 1211 853 nox
1220 800 1272 852 est.
1285 795 1325 853 De
1334 796 1461 867 quodum
1472 809 1554 851 servo
1565 792 1646 861 didit,
1658 794 1755 865 lipote
1765 793 1811 851 illi
1824 812 1888 851 mo·

125 890 216 961 licque
230 890 275 946 tie
285 892 416 960 peccauit,
432 887 540 959 inquit,
550 902 638 960 neque
651 889 778 957 parentes
791 886 849 957 ejus
864 900 874 940 .·
889 883 934 939 sed
949 884 979 938 ut
1030 900 1084 941 aur
1102 892 1132 943 et
1152 886 1243 958 pedes,
1266 893 1294 942 et
1311 885 1439 957 proficite
1461 901 1527 941 eum
1540 885 1570 941 iu
1585 883 1711 941 tenebret
1733 886 1887 944 eeteriores

124 979 337 1049 manifestemus·
351 993 433 1050 opere
447 976 496 1033 Dei
508 976 540 1032 iu
559 976 618 1032 illo.
1030 974 1138 1048 (detti.
1153 990 1222 1045 xxo,
1239 976 1293 1050 13).
1310 977 1453 1051 operetur
1465 991 1535 1050 ergo
1559 975 1647 1033 bomo
1664 976 1735 1034 dum
1749 976 1829 1045 vivit,
1846 994 1885 1035 ne

160 1069 187 1123 i.
202 1067 310 1125 Deinde
324 1066 394 1138 quid
409 1065 566 1138 sequitur?
585 1065 625 1123 lde
638 1069 747 1137 operm
770 1064 881 1137 operari
894 1078 976 1134 opero
1030 1064 1081 1121 ille
1093 1070 1178 1123 noete
1188 1066 1392 1139 praeveniatur,
1403 1065 1453 1123 nbi
1464 1081 1551 1124 nemo
1561 1065 1787 1140 possitopereri.
1799 1068 1885 1126 llodo

122 1158 181 1229 ejrm
194 1159 242 1229 qui
254 1158 330 1213 misit
343 1170 396 1212 me.
413 1156 486 1213 Deee
499 1160 544 1213 eat
560 1154 608 1212 ille
624 1155 734 1213 missus
753 1155 782 1212 in
800 1171 857 1227 qno
873 1153 975 1212 lueiem
1030 1158 1076 1212 est
1089 1160 1122 1213 ot
1136 1161 1272 1229 operetur
1289 1156 1363 1213 tides
1388 1172 1439 1227 per
1461 1153 1648 1213 dilectionem
1663 1172 1672 1213 r
1697 1158 1726 1213 et
1749 1156 1775 1213 ei
1796 1158 1883 1215 modo

120 1245 190 1301 lavit
200 1262 303 1303 oeeus.
321 1245 355 1301 lit
369 1245 462 1302 videte
477 1245 547 1318 quid
563 1244 680 1313 dixerit,
691 1245 732 1303 De
745 1251 849 1317 oportet
864 1245 977 1316 operari
1030 1259 1195 1315 operamur,
1213 1245 1258 1302 trie
1268 1245 1394 1309 estdlee,
1405 1243 1452 1301 hie
1463 1247 1507 1303 eet
1517 1243 1658 1302 tibriuua.
1672 1243 1747 1302 Audi
1759 1246 1887 1319 promit·

120 1336 271 1408 operositas
280 1336 329 1408 qui
338 1335 475 1404 misitme,
485 1335 698 1392 doneediesest.
709 1335 855 1393 Memento
867 1338 896 1391 te
906 1348 977 1405 qno·
1029 1339 1151 1405 tentem,
1166 1340 1195 1394 et
1209 1353 1245 1393 ne
1269 1336 1419 1393 arbitreris
1439 1336 1606 1393 absentem.
1630 1337 1695 1409 lpse
1710 1335 1795 1406 dixit,
1820 1342 1887 1395 Sere

119 1425 205 1483 ruodo
220 1424 517 1497 universamgloriem
528 1424 571 1480 illi
584 1424 633 1480 dat
648 1425 683 1481 de
697 1440 755 1497 quo
770 1429 833 1481 eet:
850 1423 918 1497 quio
932 1420 975 1482 illi
1029 1441 1077 1499 eqo
1091 1427 1229 1484 uobismm
1242 1443 1311 1483 serm.
1324 1424 1574 1492 Quamdiul‘llon
1585 1425 1624 1482 sit
1634 1426 1664 1483 ln
1680 1425 1765 1483 nobie
1785 1427 1881 1484 solliei

120 1514 205 1571 babet
217 1514 311 1571 tilium
326 1514 376 1585 qui
390 1515 426 1572 de
439 1512 548 1582 illusit,
561 1513 622 1585 ipse
634 1512 792 1570 nonhabet
805 1514 842 1569 de
857 1530 914 1587 quo
924 1514 973 1570 sit.
1028 1516 1100 1573 tudo
1114 1515 1163 1588 qui
1179 1516 1322 1573 vivimus:
1338 1515 1363 1572 si
1379 1515 1441 1572 lleri
1462 1512 1572 1588 posset,
1584 1515 1623 1573 de
1637 1515 1692 1572 hao
1708 1514 1796 1574 etiem
1812 1533 1885 1574 voee

119 1603 273 1677 Sedquare
287 1602 396 1669 dixisti,
408 1602 539 1673 Domine,
549 1602 633 1659 donee
642 1601 861 1659 dierestldudi
873 1618 974 1675 quere.
1029 1612 1159 1676 penteres
1183 1605 1232 1678 qui
1258 1605 1348 1662 futuri
1378 1608 1458 1672 sunt,
1480 1603 1683 1663 aeouriseinrss
1706 1604 1883 1663 luderemus.

121 1694 202 1751 vmit
216 1692 226 1728 ¹
241 1708 297 1751 noe
310 1697 419 1767 quondo
442 1707 522 1749 neme
544 1698 634 1764 potest
647 1695 767 1765 operari.
784 1693 842 1750 Nee
855 1701 897 1759 tn,
915 1692 974 1749 Do-
1027 1695 1107 1761 Eece,
1125 1694 1230 1766 inquit,
1245 1710 1292 1766 eqo
1306 1693 1514 1752 nobiscumeum
1528 1692 1655 1766 usquein
1670 1699 1886 1753 consummetis·

119 1782 221 1841 miuei
234 1783 314 1842 ltaoe
328 1786 445 1841 tuntum
459 1781 569 1839 velebit
580 1798 636 1839 nux
646 1782 708 1851 illu,
721 1787 753 1839 ut
765 1798 818 1839 neo
832 1785 862 1838 tu
879 1782 974 1854 poesis
1026 1798 1090 1841 uero
1103 1783 1196 1839 seculi
1205 1782 1257 1855 (ld.
1273 1799 1371 1851 xxviii,
1385 1782 1443 1855 20).
1459 1781 1526 1839 Dies
1541 1781 1656 1855 istequl
1670 1781 1794 1841 elroultu
1810 1783 1883 1842 eolis

117 1870 148 1928 in
158 1872 325 1943 seoperuri.
338 1872 424 1943 eaque
434 1888 509 1944 opus
521 1871 738 1929 noxesttPuto
749 1871 839 1940 enim,
851 1870 972 1930 Domine
1025 1871 1117 1943 hujus
1131 1871 1280 1943 impietur,
1296 1888 1403 1945 peuces
1420 1872 1506 1929 boras
1521 1871 1619 1942 habet,
1638 1871 1701 1929 dies
1715 1873 1877 1944 presentie

115 1960 197 2031 lesu,
213 1961 272 2017 imo
288 1977 346 2019 non
362 1966 441 2034 puto,
457 1962 509 2018 aed
523 1963 609 2019 oredo
625 1963 711 2034 etque
732 1961 874 2017 ennllrmo
889 1965 917 2018 te
930 1960 971 2017 ibi
1026 1959 1133 2019 Christi
1148 1962 1280 2034 usquein
1291 1961 1578 2025 consummationem
1590 1960 1689 2019 aeonli
1703 1963 1881 2020 extenditur.

115 2048 349 2124 subsequendo
368 2050 441 2107 dlxlt
461 2050 546 2119 Deus,
569 2051 631 2107 Fiet
658 2051 728 2118 lue,·
742 2058 768 2108 et
780 2052 855 2121 sorte
868 2054 906 2108 eet
922 2052 972 2107 iux
1025 2052 1097 2108 Post
1120 2053 1362 2109 resurrectionem
1386 2068 1454 2109 vero
1477 2050 1610 2107 rivorum
1632 2054 1662 2109 et
1685 2059 1882 2109 mortuorum.

115 2136 192 2198 (Dm.
208 2156 229 2208 ι,
244 2140 282 2213 3).
299 2141 328 2196 Si
352 2140 432 2197 enim
447 2139 541 2197 Verbo
558 2140 635 2209 feeit,
653 2139 847 2213 pertaleolt:
864 2146 894 2198 et
907 2140 971 2199 ideo
1025 2155 1092 2199 euro
1122 2141 1222 2213 positis
1237 2144 1273 2199 ad
1303 2143 1451 2199 dexterum
1475 2141 1591 2210 dixerit,
1615 2141 1718 2209 Venite,
1745 2142 1884 2200 benedieti

114 2227 294 2297 dictumest,
311 2228 409 2284 Omnia
429 2245 479 2300 per
501 2231 591 2300 iprum
613 2230 688 2298 lueto
708 2234 785 2295 eunt,
799 2235 825 2286 et
838 2229 899 2286 siue
912 2232 971 2302 ipso
1025 2230 1117 2289 Petris
1131 2233 1198 2302 mei,
1212 2231 1343 2305 percipite
1364 2247 1491 2303 reperim,
1513 2230 1616 2304 positis
1640 2236 1737 2290 autem
1755 2233 1791 2289 ud
1806 2232 1881 2291 aini-

112 2316 219 2385 suetum
232 2322 274 2374 est
288 2316 366 2373 uitii
382 2319 473 2385 (Ioum
484 2335 504 2386 1,
515 2318 553 2388 3).
566 2316 669 2375 Divisit
681 2320 750 2375 Deos
760 2320 834 2375 ieter
847 2319 971 2376 lucemet
1024 2322 1115 2378 atrum
1131 2321 1245 2389 dixerit,
1262 2325 1303 2378 lte
1320 2322 1351 2379 ie
1366 2323 1457 2392 ipeem
1478 2328 1626 2391 aetemum,
1642 2324 1691 2395 qui
1704 2330 1820 2393 perotus
1842 2331 1883 2378 cst

111 2406 238 2463 leuctrae
249 2422 260 2469 ‚·
271 2407 360 2462 iucem
370 2407 474 2463 uocauit
484 2406 970 2475 diem,ettmeirueuoeooituoctem
1022 2406 1132 2466 diutule
1146 2413 1171 2467 et
1183 2411 1287 2480 repetis
1311 2411 1371 2484 ejus
1386 2410 1436 2483 (ld.
1453 2427 1518 2479 xxv,
1533 2410 1579 2477 31,
1600 2409 1646 2481 ill
1663 2426 1671 2467 τ
1694 2411 1735 2469 lbi
1750 2412 1806 2468 erit
1821 2428 1879 2468 nox

113 2494 193 2568 (Gerr.
210 2512 230 2566 ι,
246 2495 273 2562 1,
288 2496 328 2564 5).
1024 2498 1074 2557 ubi
1089 2515 1175 2558 nemo
1191 2504 1285 2573 potest
1301 2500 1423 2574 operari,
1440 2501 1490 2557 aed
1506 2500 1634 2571 reoipere
1644 2501 1722 2573 quod
1740 2506 1879 2575 operetur

147 2585 175 2640 5.
193 2585 261 2648 Due
279 2589 323 2642 aet
337 2583 388 2641 ills
403 2600 469 2653 nox,
485 2601 551 2658 ques
565 2600 631 2642 euru
648 2585 769 2655 venerit,
785 2601 872 2643 nemo
887 2595 967 2657 pote·
1022 2595 1078 2647 eal.
1093 2588 1178 2646 Aliud
1190 2593 1235 2647 eat
1249 2594 1365 2661 ternpus
1380 2589 1567 2663 operationis,
1584 2587 1667 2646 uliud
1683 2590 1858 2664 reoeptionie
1873 2602 1881 2646 τ

112 2674 153 2730 rit
168 2674 305 2744 operari?
318 2672 392 2729 Audi
403 2674 474 2746 quid
485 2674 523 2730 eit
534 2675 607 2744 dies,
623 2680 653 2732 et
667 2683 735 2732 iuno
747 2676 893 2749 intelliges
905 2694 967 2749 que
1021 2680 1121 2738 reddet
1132 2681 1210 2737 enim
1226 2679 1366 2738 Dominus
1377 2679 1537 2754 unionique
1547 2679 1709 2738 seeundum
1722 2696 1812 2753 opera
1826 2700 1883 2742 sua

111 2760 151 2817 uit
166 2777 233 2818 nox.
251 2760 333 2817 Unde
347 2777 453 2819 sumus
467 2762 597 2819 nudituri
612 2763 748 2836 quisnam
764 2766 803 2823 sit
816 2765 878 2823 dies
894 2766 967 2824 istst
1021 2768 1071 2843 (ld.
1099 2785 1157 2836 xvv,
1186 2768 1244 2839 27).
1271 2770 1343 2826 Cum
1372 2768 1454 2838 vivia,
1483 2769 1540 2835 lau,
1557 2768 1583 2827 si
1598 2768 1729 2827 lauturus
1753 2787 1805 2829 es:
1822 2772 1882 2830 erit

111 2849 275 2921 lpeedieet:
286 2851 424 2918 Quamdiu
434 2851 463 2907 ia
477 2851 718 2925 tremendorum,
731 2853 851 2912 loeium
858 2857 965 2916 muudi.
1019 2858 1099 2917 enim
1113 2862 1183 2915 tune
1198 2875 1254 2915 nux
1269 2859 1373 2926 valide.
1396 2874 1462 2931 que
1486 2857 1612 2916 involvat
1636 2858 1753 2931 impios.
1777 2860 1833 2917 Sed
1849 2866 1882 2919 et

110 2938 183 2996 lleoe
199 2938 262 3011 ipse
277 2944 322 2996 eet
337 2939 409 2996 dies.
427 2940 515 2997 Levet
528 2941 628 2999 oeulos
643 2958 735 3001 eeeus
749 2944 779 3001 in
800 2945 857 3013 die,
874 2954 905 3004 ut
919 2948 964 3005 vl·
1019 2949 1105 3007 modo
1115 2949 1211 3007 omnis
1222 2948 1359 3020 inssdelis,
1370 2949 1488 3022 quondo
1500 2948 1632 3016 moritur,
1648 2947 1700 3006 llla
1710 2954 1794 3009 noete
1805 2967 1880 3010 sua·

109 3028 176 3086 daal
190 3028 280 3086 diem.
306 3028 444 3098 Quamdiu
459 3030 564 3103 inquit,
579 3033 610 3087 in
623 3032 726 3090 muudo
747 3049 819 3103 sum,
837 3034 889 3093 iux
902 3053 965 3094 sum
1017 3038 1126 3113 eipitur
1141 3056 1148 3107 ;
1164 3044 1282 3096 nonest
1297 3044 1330 3096 ut
1343 3038 1404 3097 illio
1419 3036 1529 3110 eliquid
1544 3042 1688 3111 operetur.
1700 3042 1732 3095 ln
1748 3037 1801 3097 illa
1816 3058 1877 3101 no·

108 3117 217 3175 mundi.
233 3117 309 3191 Ergo
325 3118 421 3176 neseio
437 3136 503 3192 que
526 3137 581 3179 nox
603 3123 669 3193 erit,
691 3125 810 3197 quando
825 3125 865 3182 ibi
879 3126 964 3185 enri—
1017 3135 1065 3190 ete
1078 3131 1159 3190 divas
1173 3131 1302 3199 ardebut,
1313 3136 1342 3188 et
1353 3129 1462 3189 stillam
1479 3146 1562 3204 eque
1577 3130 1613 3188 de
1628 3128 1718 3205 digitu
1734 3134 1877 3207 pauperia

109 3212 174 3266 atus
190 3224 247 3266 non
263 3207 337 3278 erit·,
352 3210 415 3266 ideo
431 3226 517 3268 nemo
541 3212 646 3285 poterit
659 3214 783 3286 operari.
800 3216 902 3275 Restat
915 3218 962 3276 in·
1018 3220 1207 3295 requirebat:
1233 3218 1358 3289 dolebat,
1383 3220 1555 3294 angebatur,
1580 3219 1735 3290 eruuntur,
1770 3236 1826 3279 nee
1849 3225 1877 3280 ei

109 3298 235 3371 quirera,
251 3298 355 3355 iratres
380 3300 446 3369 rnel,
463 3301 604 3373 patienter
628 3304 751 3375 eeeipite
765 3305 961 3378 inquirentem
1015 3308 1266 3369 subveniebatur:
1290 3314 1320 3367 et
1338 3316 1460 3368 uenatus
1474 3312 1518 3367 est
1533 3309 1714 3367 benalaoere.
1730 3309 1779 3367 eit
1793 3312 1876 3368 enirn

109 3386 960 3466 mezvnbisoumquuro,vobisouminveniamuquequero.
1015 3398 1154 3456 Abrabae:
1178 3400 1263 3456 Peter
1284 3399 1435 3469 Abrabam,
1459 3400 1538 3455 mitu
1563 3399 1746 3455 manumet
1768 3402 1874 3469 tratres

107 3473 416 3549 Constat,expresaum
428 3478 690 3553 aetdellnituoqeet,
700 3480 777 3539 diem
786 3498 962 3543 eommemo·
1016 3502 1096 3555 meos,
1111 3491 1139 3543 ot
1153 3487 1228 3545 dicut
1238 3487 1297 3544 iliis
1307 3487 1373 3560 quid
1390 3487 1555 3560 tieopotur,
1566 3503 1600 3544 ee
1609 3494 1635 3544 et
1646 3488 1700 3557 ipsi
1712 3489 1828 3546 uenient
1840 3492 1872 3546 io

107 3580 189 3623 rasse
198 3566 353 3625 Dominum
366 3568 671 3643 boeloooseipsom,id
681 3572 833 3630 estlumen
842 3577 960 3634 muudi:
1014 3579 1190 3636 tumulorum
1205 3583 1402 3635 tormentorum
1417 3579 1492 3652 (luc.
1507 3594 1566 3647 xvi,
1581 3578 1685 3646 24-28).
1702 3578 1725 3636 0
1741 3579 1845 3638 inielix
1864 3582 1871 3636 !

107 3656 252 3726 οιιιιιάἰιι,
269 3658 377 3731 inquit,
390 3676 452 3716 sum
472 3662 501 3717 iu
518 3661 569 3719 lroe
583 3662 695 3733 muodo,
711 3664 762 3720 loe
775 3680 838 3723 ιιιιιι
853 3667 960 3725 muudi.
1015 3668 1132 3741 qusndo
1147 3668 1272 3736 vivebas,
1288 3672 1357 3726 tune
1380 3673 1444 3725 orat
1466 3672 1583 3740 ternpus
1606 3667 1767 3740 operandi,
1785 3669 1874 3727 modo

105 3744 179 3818 Ergo
206 3746 270 3817 ipse
298 3755 443 3819 operetur.
481 3750 625 3815 Quamdiu
646 3759 690 3810 est
716 3756 816 3811 nutam
846 3755 876 3813 ln
908 3756 960 3815 boe
1009 3757 1319 3830 jamlnnoeiees,ln
1338 3772 1496 3830 quenemo
1518 3757 1749 3830 possitoperuri.

104 3834 242 3891 mundo?
278 3839 416 3894 Putemus
429 3853 508 3908 euvn,
534 3840 648 3908 iratres,
664 3840 756 3899 tuisse
770 3843 818 3900 bie
835 3848 918 3912 tune,
933 3853 961 3905 st
1047 3849 1077 3905 7.
1094 3870 1108 3900 e
1123 3849 1188 3905 lleo
1203 3865 1271 3905 uum
1293 3847 1426 3916 dixisset,
1448 3847 1565 3919 exspuit
1582 3847 1748 3919 interram,
1764 3852 1794 3905 et
1806 3849 1877 3907 leoit

106 3923 193 3981 modo
209 3939 267 3982 non
282 3923 330 3981 blo
350 3925 439 3983 esaei
454 3927 484 3983 si
498 3943 565 3999 ergo
580 3928 636 3986 boo
651 3934 799 4002 putemus,
812 3934 875 4005 lein
891 3950 959 4009 ergo
1012 3935 1106 3994 lutum
1119 3953 1152 3994 ex
1169 3941 1265 4010 sputo,
1278 3941 1306 3994 et
1317 3937 1413 3994 linlvlt
1424 3936 1521 3992 lutum
1533 3952 1622 4009 super
1636 3934 1738 3993 oeulos
1753 3938 1830 4008 ejus,
1842 3942 1875 3995 et

104 4015 172 4085 pust
185 4028 339 4073 eseenmnr
355 4015 472 4073 Domini
497 4017 573 4075 laeta
587 4023 632 4077 est
646 4036 704 4077 nox
718 4022 777 4080 ista
791 4026 958 4093 metuende,
1013 4026 1084 4085 dixit
1095 4028 1120 4085 ei
1134 4028 1243 4095 :Vade
1254 4031 1283 4085 et
1294 4028 1356 4085 lava
1366 4028 1395 4084 in
1410 4027 1553 4085 natatoria
1563 4026 1640 4084 Silue
1651 4046 1665 4080 a
1678 4028 1767 4100 lquod
1779 4029 1873 4086 inter·

103 4102 155 4161 ubi
164 4119 250 4161 nenne
262 4104 356 4177 possit
366 4107 479 4178 opernri
493 4122 499 4162 :
512 4108 538 4163 si
549 4113 614 4182 post
624 4126 781 4169 nsoeneum
793 4112 906 4172 Domini
917 4116 958 4172 la·
1013 4122 1145 4192 pretatur
1160 4118 1290 4191 Missus).
1316 4138 1329 4171 ι
1346 4118 1425 4175 Abiit
1438 4134 1517 4191 ergo,
1543 4121 1574 4174 et
1588 4115 1668 4188 levit,
1684 4122 1715 4174 et
1729 4117 1810 4175 venit
1823 4120 1870 4175 vi-

104 4195 151 4250 ota
165 4196 211 4250 est
225 4209 281 4250 nox
296 4193 366 4263 ieta,
391 4196 470 4253 unde
488 4198 620 4269 Apostoli
637 4203 719 4256 tenta
733 4204 840 4272 operati
862 4208 960 4262 sunt‘l
1015 4210 1097 4267 dens.
1114 4232 1129 4259 ι»
1143 4208 1212 4266 ileo
1226 4209 1295 4281 qula
1306 4208 1460 4266 manifesta
1473 4213 1555 4276 eunt,
1564 4210 1761 4265 transeamus.

103 4282 254 4357 Numquid
269 4283 327 4341 ieta
343 4300 399 4343 nox
412 4291 485 4357 erut,
501 4291 618 4361 quando
633 4290 763 4365 Spiritus
774 4299 893 4353 sanetus
906 4313 959 4355 ve·
1049 4300 1077 4358 8.
1093 4320 1109 4352 s
1125 4300 1225 4373 ltnque
1238 4299 1337 4367 vieini,
1351 4301 1379 4355 et
1393 4298 1445 4371 qni
1459 4297 1600 4354 videbant
1613 4312 1682 4354 enm
1699 4297 1784 4370 priua
1799 4300 1871 4372 quia

102 4372 201 4442 niens,
217 4378 247 4432 et
262 4377 426 4451 omnesqui
437 4377 467 4435 in
480 4395 538 4437 uno
549 4379 705 4440 loeuerent
720 4383 895 4458 adimplens,
912 4390 958 4446 de·
1014 4387 1166 4447 mendicus
1180 4392 1254 4454 erat,
1267 4387 1421 4445 dieebsnt:
1436 4386 1539 4444 Nonne
1553 4386 1601 4443 hie
1616 4385 1723 4459 estqui
1737 4387 1874 4456 sedebat,

103 4464 149 4520 dit
161 4464 205 4521 eis
221 4464 300 4539 loqui
317 4468 451 4526 omnium
467 4470 598 4543 gentium
614 4471 722 4547 linguis
734 4475 808 4546 (Aet.
827 4492 859 4548 ιι,
878 4479 959 4552 l·e)?
1013 4483 1042 4537 et
1056 4478 1265 4537 mendicabat?
1277 4479 1332 4535 ulii
1348 4478 1494 4548 dioebanl,
1509 4477 1584 4546 Quis
1601 4477 1648 4535 bie
1660 4481 1725 4535 eet:
1742 4478 1873 4543 altilis·

104 4552 257 4628 Numquid
269 4574 326 4614 nox
337 4561 526 4631 aretquundo
537 4563 765 4624 olaudueilleed
776 4568 897 4626 verbum
908 4570 958 4629 Pe·
1013 4586 1172 4645 quaquam,
1188 4570 1237 4627 sed
1253 4569 1496 4641 similisestelus.
1515 4592 1527 4622 ι
1546 4567 1645 4641 epsrti
1658 4566 1736 4625 oouli
1751 4568 1870 4628 vultum

100 4643 138 4700 tri
152 4644 253 4703 salvus
274 4650 396 4706 elleotus
409 4655 465 4723 est,
481 4652 540 4712 imo
555 4656 591 4711 ad
607 4657 729 4715 verbum
743 4657 860 4717 Domini
875 4661 958 4719 habi·
1013 4663 1208 4718 mutaverunt.
1235 4681 1249 4711 n
1264 4659 1316 4717 ille
1342 4659 1468 4728 dieebat,
1492 4657 1568 4726 Oula
1593 4673 1648 4732 epo
1668 4674 1746 4716 sum.
1763 4678 1779 4709 ιι
1806 4657 1873 4718 Vox

103 4729 194 4788 tentis
204 4731 234 4787 ln
246 4731 328 4790 Petro
338 4736 393 4806 (ld.
404 4753 447 4807 ιιι,
457 4739 757 4815 6·8)‘lllnmquid:uux
767 4750 829 4804 erat
840 4750 958 4821 quendo
1012 4753 1104 4822 grata,
1120 4766 1156 4807 ne
1180 4750 1370 4807 damnaretur
1391 4748 1514 4821 ingrata.
1539 4768 1555 4799 u
1571 4746 1713 4805 Dieebsnt
1733 4748 1870 4821 argaei:

103 4822 956 4911 transeuntibusdiseipuiiqegrienmieetnlis'ponebantnr‚
1012 4839 1162 4906 Dnomedo
1177 4840 1265 4910 aperti
1277 4842 1345 4896 suot
1355 4838 1431 4895 oeuli
1443 4836 1508 4894 tui‘i
1523 4837 1701 4910 Respondit:
1714 4837 1764 4893 llle
1779 4837 1871 4896 bomo

104 4912 137 4966 ut
149 4908 194 4968 vel
210 4912 315 4968 umbra
339 4918 556 4977 transeuntium
572 4928 761 4994 tangerentur
779 4925 830 4996 (id.
846 4944 873 5001 v,
889 4929 957 5005 l5lt
1012 4929 1062 5003 qui
1075 4928 1293 4998 dieituriesns‚
1306 4929 1400 4986 lutum
1412 4927 1613 4999 ieelt,stunxlt
1623 4926 1727 4985 oeulos
1738 4933 1867 4995 manuel

101 4998 247 5059 Dominus
262 5006 360 5060 autern
384 5021 449 5062 num
467 5008 615 5083 hismael,
636 5013 784 5072 neminem
808 5020 955 5081 transiens
1009 5018 1081 5077 dlxii
1096 5019 1178 5088 mibi,
1192 5019 1272 5076 Vade
1287 5018 1323 5075 sd
1340 5016 1511 5075 natatoriam
1527 5016 1616 5084 Silus,
1627 5016 1739 5075 etlave.
1751 5016 1871 5085 litabit,

102 5092 208 5148 umbro
221 5108 275 5149 sun
288 5091 402 5150 salvum
417 5096 485 5154 ieoit
500 5116 507 5156 :
524 5101 573 5157 esd
588 5100 650 5174 ipse
665 5103 817 5178 discipulis
832 5108 956 5182 dixerat,
1010 5115 1039 5169 et
1052 5108 1159 5177 levi‚'et
1175 5109 1244 5165 vidi.
1261 5130 1275 5160 u
1292 5108 1364 5167 Daue
1378 5108 1569 5165 annuntietur
1579 5106 1674 5164 leotus
1689 5110 1734 5164 eat
1747 5107 1871 5179 gratim

103 5179 209 5253 Heloro
219 5183 438 5255 iorumseeietie
458 5186 546 5257 (loon.
558 5207 617 5261 xrv,
632 5192 686 5264 12).
708 5192 825 5253 Dixerat
835 5200 955 5273 quidem
1010 5216 1076 5259 euee
1091 5199 1276 5273 evangelizet,
1293 5199 1448 5258 confltetur
1461 5195 1574 5256 vldena.
1596 5198 1694 5254 ceeus
1709 5195 1758 5254 ille
1773 5199 1873 5255 sonil-

102 5267 256 5337 Dominue,
272 5274 374 5346 ldojoro
395 5275 494 5334 berum
506 5282 615 5351 societis
627 5298 637 5337 :
651 5283 702 5340 aed
718 5300 776 5341 uon
792 5303 823 5344 aa
837 5290 956 5351 extollat
1011 5290 1137 5358 tebatur,
1153 5294 1181 5346 et
1190 5305 1241 5346 eor
1251 5288 1405 5362 impiorum
1418 5287 1606 5361 frangebatur
1618 5288 1627 5323 ¹
1639 5302 1647 5353 ς
1664 5285 1732 5357 qula
1747 5302 1807 5343 non
1820 5287 1872 5346 laa-

102 5374 169 5456 oero
183 5366 213 5417 et
226 5365 368 5435 sunguis3
385 5369 653 5444 audiatdieentem,
664 5374 731 5432 Siue
741 5390 784 5434 me
796 5378 872 5437 milii
883 5389 956 5454 pote·
1010 5378 1121 5439 bebsut
1145 5380 1176 5436 in
1203 5380 1302 5449 eorde,
1327 5378 1404 5453 quod
1420 5377 1471 5435 ille
1486 5376 1612 5435 babebat
1625 5375 1654 5431 in
1676 5376 1760 5433 lauie.
1780 5378 1874 5435 Dies-

99 5447 320 5546 ’1111101181ἶῶ
337 5471 383 5523 lv.
398 5456 436 5527 5).
1009 5478 1076 5527 rent
1089 5469 1136 5526 ei:
1151 5469 1203 5529 Dii
1211 5475 1251 5525 eet
1261 5467 1310 5526 itte
1319 5470 1369 5540 qui
1377 5467 1432 5524 tibi
1439 5468 1551 5541 operuit
1560 5466 1748 5524 omloetlit:
1760 5468 1869 5526 Nerio.

132 5533 954 5625 ⁶·Quidrglturiquiddieemuedenoeteiststourndo
1010 5559 1041 5617 lo
1068 5560 1115 5616 bis
1137 5558 1234 5616 verbis
1249 5557 1366 5615 animus
1389 5557 1486 5632 ipsius
1509 5557 1870 5618 adbuolnunetoslmilis

130 5658 224 5723 ruse,
241 5658 370 5725 plerique,
389 5665 487 5722 Veniet
1042 5682 1090 5738 tin
1103 5683 1210 5738 duobus
1220 5684 1294 5747 llus„
1309 5682 1496 5751 atriupatetvr.
