3952 6150
55 241 135 307 1Μὶ

54 373 149 448 ticeps
169 372 353 449 pinguedinis
366 371 446 439 oles,
460 384 519 426 non
534 369 598 427 cles
610 370 755 441 particeps
771 368 846 423 lacta
863 372 909 423 est

56 467 264 523 amaritudinis
278 463 398 522 oleastri
413 460 501 535 (Rem.
517 476 558 527 xa,
575 460 630 532 ll).
646 459 719 515 Nam
738 459 765 514 in
781 474 814 515 eo
831 457 907 527 quad

56 554 94 611 de
108 553 221 611 Christo
233 552 372 611 veraciter
391 550 518 622 scriptus
533 553 577 604 est
593 548 704 616 titulus,
721 548 777 603 llere
800 547 909 602 iudeo-

56 658 130 699 rum.
146 643 195 716 qui
211 653 277 700 sunt
288 640 469 713 intelligendi
479 639 494 695 J
499 639 582 706 ndei,
594 638 650 693 nisi
662 653 762 694 semen
774 635 907 698 Abrahae,

58 733 110 792 lilii
125 735 339 807 promissionis,
356 733 405 804 qui
422 736 491 788 sunt
505 732 593 786 etiam
611 729 662 785 lilii
678 729 753 785 Dei‘i
767 727 908 793 Quoniam

56 839 114 880 non
124 827 173 896 qui
182 824 236 893 filii
247 824 347 889 earnis,
366 820 406 877 eit
420 819 590 893 Apostolus,
602 817 634 875 la·
647 816 704 888 filit
720 817 768 873 liei
777 833 787 880 ,·
802 816 848 872 secl
862 817 910 886 qui

58 912 112 985 filii
125 914 328 986 promissionis,
345 912 515 982 deputantur
528 913 558 965 in
572 911 677 965 semine
691 908 742 980 (ld.
758 922 797 976 rx,
817 909 845 974 7,
870 905 908 976 8).

59 1002 93 1058 nt
106 1003 211 1060 Gentes
226 1009 308 1058 erant
324 1002 429 1073 quibus
442 1000 566 1070 dicebat,
583 999 614 1054 Si
627 1006 720 1054 nutem
736 1013 780 1053 uos
794 995 909 1061 Cirrirti,

57 1105 121 1160 erne
135 1089 249 1147 ,tirolis
263 1105 354 1147 semen
368 1090 443 1155 estis,
459 1089 607 1145 seeundum
625 1087 830 1160 promissionem
855 1083 913 1142 lare·

57 1179 134 1236 redet
156 1178 258 1251 (Galat.
275 1194 315 1248 m,
339 1178 397 1252 29).
418 1178 478 1235 aar
492 1193 560 1249 ergo
579 1177 747 1233 iudeorum
768 1174 911 1241 Christus,

56 1269 110 1327 sed
124 1268 141 1326 J
145 1270 292 1326 udaeorum
305 1268 529 1326 circumcisione
544 1266 648 1329 coritis.
662 1266 778 1338 spiritu,
793 1281 851 1320 sion
864 1264 910 1319 lit·

59 1361 141 1424 tersi
158 1376 282 1432 qnorum
301 1360 365 1415 laus
387 1375 445 1415 nou
470 1374 504 1414 ex
525 1357 707 1423 hominibus,
723 1355 773 1411 sed
796 1370 831 1410 ex
856 1359 911 1408 Deo

59 1456 104 1506 eet
117 1450 205 1521 (dom.
221 1464 252 1518 n,
263 1449 327 1522 29),
340 1447 547 1520 pertinentium
564 1447 599 1502 nd
616 1445 779 1503 Jerusalem
791 1443 911 1499 liberam

61 1543 185 1594 matrem
208 1543 337 1594 nostram
354 1543 491 1594 eternam
507 1536 536 1592 in
552 1534 644 1604 coelis,
660 1539 758 1592 Seram
774 1534 913 1606 spiritua·

63 1628 131 1698 lem,
147 1627 284 1685 ancillam
300 1631 329 1684 et
353 1627 429 1682 latins
450 1627 514 1697 sius
532 1629 540 1662 ¹
557 1627 592 1682 de
607 1625 693 1682 dama
707 1623 850 1680 libertatis
865 1625 914 1694 eji·

61 1717 185 1775 cientem
210 1716 311 1790 (Galat.
336 1734 374 1785 av,
398 1716 506 1788 22-31).
527 1716 592 1772 ideo
612 1715 689 1772 enim
711 1713 821 1770 Pilatus
836 1714 913 1786 quod

61 1807 191 1881 scripsit,
208 1806 346 1879 scripsit;
362 1807 430 1879 quia
444 1805 585 1863 Dominus
600 1805 678 1878 qaod
694 1805 777 1872 dixit,
797 1803 878 1860 sirit.

319 1933 530 1992 TRAGTATUS
548 1933 672 1990 cxvm.

63 2044 95 2103 ln
119 2044 178 2102 leuc
201 2045 297 2115 oeric,
313 2043 419 2100 Milites
439 2059 508 2116 crgo
523 2059 591 2100 cum
607 2041 822 2101 crucifixissent
836 2056 915 2109 eum,

100 2142 273 2207 acceperunt
297 2133 468 2192 vestimenta
495 2134 570 2206 ejas,
595 2137 645 2190 cte.
676 2133 740 2206 Cep.
766 2148 824 2201 xix,
850 2130 914 2203 ii.

527 236 566 299 ΙΝ
588 237 749 300 toenitis
769 231 1038 308 EVANGELIUM,
1063 233 1095 295 S.
1118 234 1329 299 inausum

1738 234 1816 297 sets

962 382 1025 422 sam
1041 382 1105 423 esse
1120 366 1283 436 videamus;
1302 367 1352 424 ssd
1368 367 1404 423 ds
1420 367 1519 424 tunice
1534 384 1623 439 quam
1641 367 1732 424 simul
1749 384 1816 424 cum

963 455 1075 513 esteris
1103 461 1288 529 acceperunt,
1311 457 1360 514 sed
1391 474 1449 513 non
1478 456 1614 515 similiter
1641 457 1816 514 diviserunt.

965 549 1002 601 De
1016 544 1071 602 hac
1086 546 1164 601 enim
1182 547 1316 618 sequitur
1330 562 1488 619 exponens,
1507 549 1576 602 Erat
1598 554 1694 604 autern
1720 549 1817 604 tunica

963 637 1148 705 inconsutilis,
1159 637 1274 710 desuper
1288 645 1417 694 contecto
1431 655 1479 710 per
1493 645 1589 695 toturn.
1603 639 1661 694 Cur
1672 643 1770 696 aulem
1783 638 1817 695 de

963 724 1013 782 ille
1028 732 1135 783 sortem
1152 727 1297 783 miserunt
1312 744 1453 784 narrans:
1469 730 1605 785 dicerent
1619 745 1699 798 erno,
1710 728 1818 801 inquit,

963 814 998 870 cd
1013 814 1139 882 inuicem,
1156 821 1216 873 lton
1231 815 1388 872 scindamus
1402 834 1473 886 eom,
1486 818 1534 873 sed
1551 819 1708 874 sortiumur
1721 817 1757 873 de
1770 817 1819 874 illc

963 906 1042 978 errjac
1052 909 1096 963 sit.
1108 909 1234 978 Apparet
1249 909 1347 979 itaque
1362 907 1390 962 in
1407 908 1473 965 aliis
1484 909 1614 965 vestibus
1629 908 1757 981 aequales
1771 924 1819 964 eas

965 995 1102 1052 habuisse
1128 1002 1232 1067 partes,
1260 1000 1289 1052 ut
1311 997 1407 1053 sortiri
1432 1014 1552 1055 neeesse
1575 1015 1634 1055 non
1660 999 1749 1054 luerit
1767 1014 1775 1054 :
1791 998 1819 1055 iu

965 1085 1016 1142 illa
1026 1102 1091 1142 vero
1103 1102 1161 1142 una
1174 1103 1232 1142 nan
1243 1103 1292 1143 cos
1303 1085 1409 1144 habere
1421 1088 1549 1160 potuisse
1559 1087 1694 1160 singulas
1711 1093 1819 1160 parles,

966 1177 1022 1233 nisi
1038 1177 1228 1246 scinderetur,
1247 1187 1276 1235 ut
1291 1195 1404 1250 pannos
1420 1181 1485 1250 eJ'ue
1500 1180 1643 1236 inutiliter
1660 1178 1818 1248 tallereat;

966 1266 1044 1340 quad
1061 1283 1094 1323 ae
1109 1267 1246 1338 lacerent,
1261 1269 1296 1325 ad
1313 1285 1404 1325 anum
1421 1285 1484 1326 eam
1501 1270 1650 1343 pervenire
1666 1269 1818 1327 sortitione

967 1356 1140 1413 maluerunt.
1167 1358 1261 1429 liujus
1285 1358 1469 1433 evangeliste
1495 1360 1655 1416 narrationi
1675 1367 1818 1418 consonat

966 1446 1056 1505 etiam
1073 1447 1275 1520 propheticum
1291 1449 1503 1519 testimonium,
1515 1449 1593 1521 quod
1609 1454 1639 1506 et
1651 1451 1714 1523 ipse
1730 1450 1821 1508 conti·

968 1550 1025 1592 nno
1049 1536 1243 1609 subiungens,
1261 1538 1292 1595 tlt
1306 1540 1456 1610 scripturn,
1470 1538 1576 1611 inquit,
1592 1537 1757 1613 impleretur
1778 1541 1820 1595 di·

967 1639 1038 1693 eenc,
1054 1625 1160 1681 Portiti
1173 1631 1237 1682 sant
1251 1630 1414 1684 uestimento
1430 1643 1492 1684 meo
1505 1627 1569 1696 citri,
1583 1635 1610 1685 et
1624 1646 1710 1702 saper
1724 1634 1821 1686 uestem

968 1729 1057 1770 meam
1080 1715 1215 1771 miserant
1239 1723 1349 1773 sortem.
1365 1715 1428 1773 Non
1453 1717 1543 1784 enim,
1558 1717 1607 1782 ait,
1628 1717 1745 1787 sortiti;
1760 1719 1821 1785 sed,

967 1800 1069 1875 partiti
1083 1818 1093 1857 .·
1109 1803 1228 1871 necuit,
1243 1805 1397 1861 sortientes
1413 1803 1513 1876 partiti
1525 1811 1609 1875 sunt;
1627 1806 1679 1862 sed
1696 1807 1725 1862 in
1742 1811 1822 1862 estc·

970 1889 1010 1947 ris
1020 1891 1203 1949 vestimentis
1217 1898 1323 1950 sortem
1335 1894 1453 1951 omniuo
1468 1911 1525 1951 uon
1542 1896 1710 1967 nominans,
1723 1902 1822 1971 postea

971 1979 1052 2049 dixit,
1067 1989 1092 2038 et
1108 1984 1137 2038 in
1154 1990 1253 2039 uestem
1267 2000 1354 2040 meam
1370 1983 1508 2041 miserunt
1523 1990 1634 2057 sortem,
1652 1996 1772 2061 propter
1795 1987 1824 2043 il·

971 2070 1030 2128 lam
1047 2070 1190 2144 reliquam
1205 2074 1346 2131 tunicam.
1362 2073 1403 2131 De
1417 2091 1475 2147 qua
1493 2092 1524 2132 re
1544 2075 1641 2133 dicam
1662 2078 1744 2149 quod
1764 2078 1823 2150 ipse

972 2163 1134 2230 donaverit,
1151 2180 1217 2219 cum
1234 2166 1316 2235 prius
1331 2181 1394 2221 cam
1418 2181 1480 2237 que
1505 2166 1613 2222 oboriri
1637 2172 1746 2239 potest,
1763 2174 1825 2224 tan·

101 2223 208 2295 23524·
973 2270 1060 2326 quam
1085 2254 1272 2327 avangelista
1297 2255 1374 2312 inter
1397 2271 1428 2312 se
1452 2256 1628 2329 discrepent,
1649 2256 1825 2316 calumniam

100 2352 128 2411 1.
143 2352 184 2408 ila
207 2367 270 2424 qus
294 2355 374 2424 gesta
389 2356 460 2410 sunt
472 2352 555 2423 juxta
570 2367 686 2409 erucem
709 2350 834 2419 Domini,
851 2365 917 2407 cum
973 2345 1191 2418 propulsavero,
1208 2345 1413 2403 demonstrans
1427 2344 1538 2404 nullius
1553 2352 1726 2405 ceterorum
1742 2348 1825 2407 verbs

60 2442 126 2517 tem
147 2441 303 2499 crucifixas
327 2448 414 2511 esset,
440 2442 507 2511 isto,
533 2447 675 2514 quantum
699 2442 828 2514 adjuvat,
859 2457 918 2498 ser·
973 2433 1132 2491 narrationi
1147 2433 1269 2492 loannis
1285 2452 1349 2493 esse
1364 2435 1519 2492 contraria.

65 2546 153 2589 mone
176 2536 345 2588 tractemus.
363 2552 377 2582 a
395 2530 502 2588 Milites
525 2547 592 2602 ergo
614 2548 680 2587 cum
707 2530 919 2588 crucifixissent
1009 2524 1035 2580 3.
1050 2522 1203 2581 Mattheus
1227 2525 1304 2582 enim
1328 2525 1459 2596 dicendo,
1479 2525 1639 2583 diuiserunt
1662 2528 1827 2585 vestimento

63 2636 142 2692 cum,
159 2627 334 2693 aeceperunt
358 2621 532 2677 vestimenta
556 2620 631 2690 ejus,
647 2623 675 2676 et
697 2620 827 2677 fecerunt
846 2637 919 2691 qua·
973 2615 1044 2687 ejus,
1060 2623 1160 2672 sortem
1174 2618 1323 2686 mittentes,
1336 2618 1371 2675 ad
1384 2622 1472 2674 totam
1485 2616 1658 2675 divisionem
1670 2620 1828 2678 vestimen·

62 2708 142 2768 tuor'
153 2714 251 2783 partes
267 2727 276 2781 3
291 2710 449 2782 unicuique
474 2707 558 2765 militi
584 2713 708 2780 partem,
727 2713 756 2766 et
776 2710 915 2766 tunicam.
974 2710 1067 2762 torum
1081 2705 1306 2780 veluitintelligi
1317 2709 1403 2764 etiam
1416 2707 1545 2764 tunicam
1559 2709 1714 2780 pertinere,
1727 2710 1829 2783 deque

62 2799 129 2858 lirul
144 2804 243 2857 eutem
260 2800 359 2856 tunica
375 2799 567 2866 inconsutilis,
582 2799 708 2871 desuper
720 2804 854 2856 contexta
869 2816 920 2871 per
974 2800 1083 2853 sortem
1108 2796 1269 2868 miserunt;
1295 2800 1365 2871 quia
1390 2799 1490 2872 utique
1511 2814 1614 2856 omnes
1638 2807 1735 2857 vestes
1759 2800 1831 2858 divi·

62 2895 161 2949 totum
178 2890 336 2948 :dixerunt
358 2906 426 2963 ergo
451 2891 486 2946 ad
509 2890 644 2959 invicem,
660 2889 724 2947 Non
748 2891 919 2946 scindamus
975 2886 1080 2956 dendo,
1093 2885 1121 2941 iu
1133 2887 1238 2959 qrribus
1250 2892 1277 2944 et
1288 2888 1338 2943 illa
1351 2888 1414 2956 luit,
1427 2889 1463 2945 de
1474 2886 1539 2961 ipsa
1554 2887 1651 2945 sortiti
1664 2893 1747 2947 sunt.
1763 2888 1832 2947 'l'ale

66 2995 143 3049 eam,
155 2979 204 3037 sed
218 2976 577 3051 sortiamurdeillacujus
593 2978 640 3034 sit.
651 2977 688 3034 Ut
701 2978 849 3051 Scriptura
864 2978 919 3034 im·
974 2979 1019 3033 est
1032 2977 1119 3033 etiam
1134 2978 1210 3049 quod
1227 2976 1267 3033 ait
1284 2977 1385 3047 Lucas,
1403 2976 1559 3036 dividentes
1580 2980 1744 3036 vestimenta
1762 2980 1830 3052 eius,

67 3068 198 3144 pleretur
212 3069 321 3134 dicens,
338 3068 442 3124 Pertiti
458 3072 526 3125 suut
540 3068 713 3125 vestimenta
728 3085 793 3125 mes
808 3067 875 3136 sibi,
893 3073 921 3126 et
975 3067 1390 3125 miseruntcurtessdividentes
1400 3069 1628 3126 enimvenarunt
1638 3070 1674 3126 sd
1687 3071 1832 3138 tunicam,

65 3157 218 3215 investem
236 3173 328 3213 meam
347 3156 615 3213 miserunlsortsm.
629 3176 643 3207 u
656 3156 776 3212 Factum
788 3156 918 3227 estquod
975 3159 1011 3215 de
1027 3174 1084 3231 qua
1100 3159 1172 3215 lucta
1187 3166 1230 3214 est
1245 3158 1368 3230 sortitio,
1385 3163 1418 3215 ut
1431 3159 1507 3216 inter
1521 3175 1570 3217 cns
1586 3159 1726 3218 universa
1740 3159 1831 3219 vesti·

65 3247 222 3306 voluerunt
236 3245 350 3303 ludaei:
368 3262 425 3302 non
441 3243 508 3319 ipsi,
525 3245 575 3302 sed
592 3246 700 3303 milites
714 3246 763 3318 qui
780 3245 922 3318 parebant
976 3253 1138 3304 mentorum
1151 3248 1215 3319 ejus
1227 3247 1730 3321 divisiocompleretur.Quidautem
1743 3250 1832 3309 inter·

64 3335 169 3403 Pilato,
183 3333 331 3407 judicsnte
357 3334 430 3406 ipso,
449 3335 655 3392 crucifixerunt
679 3334 799 3405 iesum3
823 3339 850 3390 ct
874 3338 920 3390 ta·
976 3340 1021 3394 est
1045 3342 1144 3394 utrum
1165 3339 1289 3407 dicatur,
1315 3337 1472 3396 Diuidentes
1491 3338 1738 3409 miseruntscrtes,
1755 3345 1832 3415 quoi

65 3441 136 3484 men
156 3426 182 3483 si
197 3425 373 3497 voluntates,
391 3425 413 3480 si
438 3424 572 3496 insidias,
586 3425 611 3482 si
635 3441 765 3498 operam,
782 3424 804 3480 si
831 3425 923 3481 tradi·
976 3426 1017 3483 ait
1032 3429 1139 3497 Lucam
1157 3446 1206 3496 su,
1222 3430 1387 3500 diuiserunt,
1403 3435 1506 3485 sortem
1524 3428 1675 3499 mittentes,
1692 3432 1771 3503 quod
1793 3432 1834 3488 ait

65 3517 187 3586 tionem,
205 3519 353 3588 postremo
378 3517 402 3572 ei
427 3521 633 3587 extorquentes
657 3515 798 3572 clamores
821 3530 921 3572 aarum
977 3516 1130 3574 Matthaeus
1143 3533 1150 3574 τ
1163 3518 1218 3575 nisi
1235 3520 1311 3591 quod
1329 3519 1422 3576 laneas
1438 3520 1561 3576 dicendo
1576 3527 1674 3591 sortes,
1687 3521 1832 3593 pluralem

68 3607 242 3679 cogitemus,
256 3605 348 3678 magis
364 3605 464 3677 utique
478 3605 571 3663 ludaei
587 3605 796 3662 crucifixerunt
808 3606 922 3663 iesum.
978 3620 1029 3678 pro
1044 3604 1184 3681 singulari
1199 3624 1321 3665 numero
1338 3609 1448 3681 posuit;
1466 3625 1530 3682 qaas
1547 3607 1656 3666 locutio
1671 3609 1832 3683 scripturis

103 3699 132 3753 2.
148 3696 203 3752 Sed
224 3696 260 3751 de
278 3695 433 3767 partitione
457 3699 486 3751 et
508 3696 658 3753 sortitione
682 3697 922 3754 vestimentorum
977 3696 1088 3753 sanctis
1112 3697 1231 3755 insolita
1255 3716 1310 3755 non
1333 3704 1377 3757 est
1392 3718 1399 3753 ι
1417 3700 1549 3773 quamvis
1564 3698 1700 3756 nonnulli
1715 3699 1833 3758 codices

68 3786 200 3856 ejusncu
212 3789 256 3840 est
271 3789 475 3856 praetcrenntsr
489 3785 676 3856 loquendum.
694 3787 831 3852 Quamvis
844 3788 922 3845 caim
977 3795 1077 3844 sortem
1102 3789 1284 3862 reperiantur
1307 3789 1414 3847 habere
1430 3789 1480 3864 (o),
1504 3805 1563 3847 non
1585 3790 1696 3847 sortes?
1717 3790 1833 3848 tlarcus

68 3887 172 3930 omnes
193 3873 383 3944 avangelista
398 3879 522 3946 quatuor
546 3875 635 3948 hujus
659 3878 699 3933 rei
726 3878 923 3947 meminerint,
979 3874 1076 3948 itaque
1091 3877 1171 3934 salus
1187 3880 1299 3936 videtur
1314 3878 1443 3951 aliquam
1468 3878 1603 3936 intulisse
1618 3879 1835 3952 questionem:

70 3962 165 4020 crateri
180 3967 278 4019 temen
300 3963 417 4020 brevius
433 3981 521 4036 quam
540 3965 669 4025 loannes
686 3985 693 4024 :
709 3976 736 4025 et
750 3969 848 4028 clause
871 3970 923 4038 illi,
979 3964 1101 4023 dicendo
1116 3968 1207 4041 enim,
1220 3968 1360 4026 Mittenter
1385 3974 1486 4027 sortem
1509 3985 1594 4042 snper
1613 3971 1663 4041 eis,
1689 3967 1753 4043 qais
1771 3967 1839 4043 qnid

69 4051 129 4110 iste
144 4068 210 4110 vero
225 4051 417 4125 apertissime.
432 4053 505 4112 Nam
527 4055 681 4114 Mattheus
701 4060 926 4136 ait1Postquam
979 4049 1097 4127 t'clleret,
1123 4061 1263 4132 tanquam
1290 4077 1378 4133 super
1401 4060 1540 4117 amnibus
1564 4058 1759 4130 vestimentis,
1781 4074 1841 4116 non

73 4145 165 4201 sutem
183 4144 380 4216 erucifixerunt
404 4161 477 4216 enm,
492 4145 647 4203 diuiserunt
669 4149 832 4207 uestimento
854 4153 925 4224 eius,
981 4164 1069 4221 super
1084 4146 1145 4204 solu
1160 4148 1259 4207 lanies
1273 4167 1337 4207 sors
1353 4151 1444 4208 missa
1456 4149 1505 4220 sit,
1517 4150 1634 4208 locutus
1644 4149 1772 4207 videtur.
1783 4148 1840 4205 Sed

71 4240 171 4292 sortem
196 4235 337 4291 mittentes
360 4233 638 4309 (ilntlla.xsv11,35).
656 4242 771 4296 Murcus
787 4256 794 4296 ι
811 4243 844 4296 Et
863 4259 925 4298 era·
981 4238 1066 4296 etiam
1079 4237 1260 4296 hiebrevitas
1269 4240 1474 4299 obscuritatem
1486 4239 1627 4297 lacitzsic
1637 4238 1716 4297 enim
1726 4239 1842 4298 dictam

66 4323 216 4398 ‘eifioentes
237 4341 311 4396 eam,
335 4323 487 4383 dirtisernat
512 4328 671 4385 uestimenta
694 4330 763 4402 eius,
787 4335 927 4390 mittentes
982 4331 1036 4397 est,
1051 4327 1186 4385 liittentes
1204 4334 1304 4388 scriem
1325 4347 1407 4404 saper
1428 4333 1477 4404 eis,
1493 4347 1526 4388 ac
1551 4330 1575 4388 si
1599 4330 1754 4397 diceretur,
1772 4329 1842 4386 Mit-

73 4418 174 4472 scrtem
189 4430 270 4488 saper
284 4415 333 4484 eis,
349 4413 410 4488 quic
423 4416 491 4489 qaid
505 4417 615 4476 tolleret
630 4419 728 4493 (itare.
744 4437 790 4490 ιιι,
802 4423 858 4492 24).
872 4423 927 4479 Lu·
982 4421 1078 4476 tentes
1093 4423 1202 4478 sortem
1218 4437 1284 4477 curn
1301 4421 1499 4479 dividerentur
1511 4437 1518 4477 :
1529 4421 1609 4495 quod
1620 4423 1648 4477 et
1659 4419 1769 4477 lectum
1781 4423 1840 4477 est.

74 4519 122 4560 cas
139 4520 147 4560 ι
165 4504 324 4562 Diuidentes
342 4522 404 4563 uero
419 4509 578 4567 vestimenta
597 4511 667 4583 ejus,
689 4511 822 4569 miserunt
845 4520 928 4569 cortes
983 4509 1120 4566 Omnium
1133 4510 1240 4584 quippe
1249 4512 1491 4570 vestimentorum
1503 4509 1684 4586 ejusdicisic
1693 4509 1842 4585 completa

75 4594 151 4667 (tue.
167 4611 249 4664 xxrn,
264 4595 319 4666 et).
335 4596 350 4652 J
356 4613 467 4655 oannes
482 4604 577 4657 antem
594 4605 622 4657 ct
637 4606 814 4674 quotpartes
829 4603 865 4660 de
879 4619 929 4660 vc·
984 4615 1041 4656 non
1053 4604 1141 4673 esset,
1153 4601 1209 4659 uisi
1220 4606 1297 4660 sorte
1307 4602 1463 4661 claruisset
1473 4604 1539 4677 quis
1555 4603 1643 4660 etiam
1658 4600 1740 4659 illam
1755 4600 1841 4657 tuni-

75 4683 223 4741 stlmeatis
248 4685 311 4755 ejns
341 4686 470 4759 iecerint,
495 4690 578 4757 dixit,
603 4691 632 4746 id
657 4697 712 4762 est,
738 4701 873 4767 quatuor,
899 4697 930 4751 ut
985 4706 1048 4747 cem
1064 4689 1189 4761 tolleret,
1205 4692 1294 4749 utsic
1310 4693 1459 4751 contentio
1475 4690 1671 4750 dividentium
1694 4690 1841 4759 liniretur,

77 4770 209 4846 singalas
232 4772 377 4832 tollerent.
392 4774 475 4833 Unde
496 4783 615 4853 apparet
630 4786 756 4853 quatuor
771 4783 861 4840 luisse
874 4784 928 4840 mi·
983 4779 1028 4838 vel
1044 4780 1126 4838 nulla
1148 4782 1245 4855 potius
1261 4783 1395 4842 oriretur.
1412 4785 1493 4852 Quod
1521 4799 1589 4857 ergo
1613 4782 1664 4852 sit,
1681 4783 1749 4852 Quis
1773 4781 1844 4855 qaid

76 4864 144 4921 lites
159 4862 209 4936 qni
225 4860 255 4919 in
271 4878 304 4920 co
317 4865 513 4939 crucifigenda
529 4868 643 4940 presidi
660 4876 828 4942 paruerunt.
840 4872 930 4929 Mani·
985 4869 1104 4938 tolleret,
1121 4872 1358 4946 quandoquidem
1379 4873 1435 4932 hcc
1450 4873 1522 4930 sorti
1538 4875 1709 4946 deputatur,
1726 4886 1785 4928 nan
1806 4869 1843 4927 sd

76 4955 148 5013 leste
168 4951 276 5027 quippe
298 4953 351 5024 ait,
365 4953 465 5012 dilites
480 4972 547 5032 erpo
562 4975 624 5015 enm
639 4959 842 5033 crucifixissent
857 4978 930 5036 eam,
985 4962 1085 5018 omnia
1100 4977 1164 5033 qus
1180 4961 1272 5019 divisa
1288 4972 1356 5020 sunt
1371 4964 1544 5021 vestimenta
1568 4962 1755 5021 relerendum
1775 4964 1841 5029 est3

67 5048 240 5118 aeceperunt
254 5046 414 5102 uestimenta
430 5047 534 5118 risset
548 5050 675 5120 iecerunt
689 5054 812 5124 quotuor
826 5059 930 5125 partes,
986 5068 1049 5109 sors
1064 5052 1143 5108 caim
1159 5053 1246 5109 missa
1261 5057 1316 5124 est,
1328 5055 1396 5126 quis
1409 5054 1490 5111 illam
1506 5053 1635 5112 tunicam
1651 5052 1790 5110 tolleret:
1808 5051 1845 5107 de

76 5136 225 5209 actionique
239 5135 328 5192 militi
342 5141 457 5207 cartem,
477 5142 504 5195 et
528 5140 672 5205 tunicam·
695 5140 931 5200 subaudiendum
985 5159 1044 5217 qus
1059 5142 1199 5216 quoniam
1223 5162 1341 5204 narrare
1366 5146 1549 5219 pretermisit
1573 5144 1670 5218 qualis
1695 5142 1795 5212 luerit,
1816 5144 1846 5199 et

77 5230 131 5294 est,
146 5231 342 5298 acceperunt:
359 5234 390 5284 ut
415 5229 470 5287 isto
493 5228 532 5286 sit
556 5246 671 5304 sensus,
687 5234 869 5305 deceperunt
884 5249 932 5291 vs·
986 5232 1234 5305 quemadmodum
1243 5233 1406 5307 equalibus
1419 5234 1503 5293 laetis
1514 5235 1647 5309 partibus
1659 5231 1723 5291 sola
1733 5246 1847 5288 reman-

78 5316 215 5372 sttme:.ta
229 5316 303 5389 ejas,
320 5322 349 5375 et
364 5318 498 5378 lecerunt
512 5329 637 5395 quatuor
653 5332 756 5397 partes,
773 5324 933 5399 unicuique
986 5323 1067 5394 serit,
1093 5341 1157 5399 ques
1186 5341 1223 5384 ne
1252 5326 1501 5397 conscinderetur,
1525 5325 1637 5385 veniret
1660 5327 1689 5381 in
1715 5327 1846 5391 sortem;

81 5402 167 5462 militi
183 5410 313 5475 partem3
328 5417 503 5485 acceperunt
514 5418 544 5470 et
557 5414 700 5473 tunicam.
712 5415 746 5473 lit
760 5416 802 5473 sic
818 5415 934 5474 locutas
987 5418 1141 5489 propterea
1164 5418 1293 5489 positum
1314 5422 1358 5476 est
1377 5417 1456 5491 quod
1479 5417 1529 5489 ait,
1545 5418 1610 5488 Quis
1632 5414 1698 5490 qaid
1722 5412 1848 5483 tolieret,

79 5496 135 5565 set,
151 5492 234 5551 atde
252 5499 364 5555 ceteris
384 5502 566 5563 vestimentis
591 5507 700 5565 nullam
726 5513 834 5567 sortem
859 5507 934 5567 mis·
986 5504 1017 5563 ld
1033 5512 1087 5578 eet,
1100 5506 1167 5582 qais
1180 5524 1245 5567 eam
1259 5508 1372 5568 tolleret
1385 5526 1393 5569 ι
1406 5515 1548 5586 tanquam
1564 5508 1591 5569 si
1602 5511 1699 5568 totum
1714 5506 1755 5565 its
1768 5504 1849 5566 dice·

128 5590 184 5647 teta
198 5604 293 5647 omncs
306 5594 369 5650 Ιιι.
381 5598 452 5653 netu
464 5614 530 5654 sero
542 5602 656 5666 hmani,
671 5609 698 5658 st
709 5606 798 5672 fliium
809 5608 876 5675 cion
1018 5603 1056 5673 (a)
1072 5603 1116 5656 sle
1132 5603 1213 5658 hodie
1228 5605 1257 5658 lu
1271 5621 1368 5673 greco,
1382 5609 1478 5664 olerum
