3952 6150
1831 210 1911 273 lise

136 230 214 296 1705
618 227 657 289 IN
679 228 848 291 JOANNlS
872 224 1142 295 strasoldum,
1167 224 1197 286 S.
1221 223 1436 289 Aueusrlm

138 371 185 424 tos
199 366 229 422 in
246 364 335 435 bujus
347 363 484 422 domiuioi
495 363 592 436 operis
606 364 761 421 altitudine
771 364 949 432 noverimus,
964 365 998 418 ut
1051 361 1180 434 elegerit.
1196 363 1260 419 Nou
1271 365 1315 420 est
1329 377 1363 418 sx
1377 359 1421 417 eis
1435 359 1491 415 iste
1506 353 1556 427 qui
1573 368 1677 425 panem
1692 349 1772 407 illius
1787 349 1830 406 sio
1841 350 1911 405 ede·

139 455 267 514 eonlessi
289 455 415 512 invioem
439 455 548 512 deliots
569 460 669 512 nostra
687 472 808 514 oremus
828 471 879 527 pro
899 454 994 526 nobis,
1051 452 1112 521 bat,
1132 458 1164 510 ut
1177 470 1342 528 supereum
1371 452 1478 509 levaret
1492 446 1672 504 calcaneum.
1691 442 1733 500 llli
1746 441 1912 497 mandues-

141 552 407 611 sieutethristus
423 550 587 619 interpellat
603 551 992 622 pronobislllom.v1u,3t).
1049 542 1120 600 bant
1134 560 1238 616 panem
1249 539 1473 609 Dominum‚ills
1490 552 1596 610 parram
1613 532 1728 590 Domini
1741 538 1842 588 eontra
1853 528 1912 586 Do·

139 642 300 699 Audiamus
315 640 483 714 Apostolum
498 640 639 696 iacobum
664 642 718 697 boe
734 642 829 711 ipsum
840 640 992 697 evidentis·
1052 633 1166 688 minum
1184 650 1191 689 ε
1208 632 1252 689 illi
1267 633 1367 702 vitam,
1383 629 1432 686 illa
1450 643 1574 701 prauam.
1592 648 1606 674 a
1624 623 1678 691 Qui
1693 623 1771 679 enim
1788 621 1913 677 mendu-

140 732 214 789 sime
225 732 439 804 precipientem
464 735 493 785 at
514 729 669 798 dicentem,
686 730 860 800 confitemini
875 731 994 786 invicem
1048 727 1094 779 eat
1104 724 1223 796 indigne
1235 724 1296 778 »ait
1306 719 1476 794 Apostolus,
1488 714 1648 789 «judicium
1661 712 1908 770 eibimanduoat»

138 822 244 879 delicto
260 829 360 886 uestro,
374 823 484 874 elorote
497 835 546 889 pro
560 820 634 874 robis
644 819 747 886 (tereti
771 835 800 887 v,
816 819 871 890 16).
884 819 954 884 Quia
965 821 994 872 et
1046 802 1071 872 (Ι
1086 802 1147 860 Cor·
1165 802 1430 874 x1‚‘26)‚«Am0n0,
1451 796 1585 870 eloquit,
1597 817 1612 845 «ι
1624 795 1688 852 diuo
1708 793 1790 850 vobis
1808 792 1911 864 prius-

141 912 176 967 ad
192 910 247 966 boo
263 909 405 965 Dominus
422 908 506 964 uobis
521 908 602 964 dedit
615 909 795 981 exemplum.
808 909 837 963 Si
854 907 929 965 enim
945 906 993 963 ills

141 1001 191 1070 qui
206 999 298 1054 ullum
311 1001 461 1070 peecatum
477 1013 529 1053 neo
545 995 642 1062 babet,
654 1013 706 1054 neo
716 997 830 1068 babuit,
841 1013 893 1054 neo
905 996 993 1053 bsbe·

141 1089 195 1156 bit,
209 1093 274 1143 orat
289 1103 341 1159 pro
352 1087 478 1159 pereatis
495 1087 624 1156 nostris;
641 1088 759 1159 quando
775 1087 869 1158 magis
885 1103 938 1143 nos
949 1086 993 1140 in·

140 1180 232 1236 vinem
248 1194 301 1250 pro
316 1177 426 1235 nostris
442 1194 524 1234 orare
542 1178 682 1234 debemus
693 1178 750 1234 ‘illl
765 1179 790 1234 si
805 1179 927 1235 dimittit
942 1194 993 1234 no-

140 1270 184 1327 bis
199 1267 248 1326 ille
271 1268 318 1326 eui
339 1284 396 1324 non
413 1268 557 1324 babemus
572 1268 649 1341 quod
665 1269 846 1325 dimittamus
859 1285 867 1337 ;
882 1271 994 1340 quanto

141 1358 236 1432 magis
263 1358 412 1415 dimittere
436 1358 522 1413 uobis
548 1356 688 1414 debemus
711 1357 847 1426 invicem,
864 1356 994 1429 quisine

142 1452 261 1522 psooato
279 1447 327 1505 hie
342 1448 437 1504 vivere
453 1463 511 1503 non
536 1447 775 1512 valemuetouid
790 1448 868 1503 enim
879 1446 995 1502 ridetur

140 1537 233 1594 inbao
242 1536 395 1594 altitudine
405 1537 918 1609 sacramentiDominussignillosxe,
929 1551 994 1592 oum

139 1627 221 1694 uicit,
238 1624 436 1696 «Exemplum
454 1626 532 1681 enim
559 1626 625 1682 dedi
649 1626 743 1692 robis,
759 1630 791 1681 ut
806 1627 994 1698 quemadmo-

140 1716 331 1789 dumsgoleoi
342 1716 434 1781 robis,
448 1716 523 1772 itaet
534 1732 584 1773 voe
596 1716 721 1784 ltroiatis;
737 1740 750 1770 a
765 1716 821 1773 nisi
832 1716 995 1789 quodsper·

140 1805 335 1863 tissimedioit
357 1806 525 1878 spostolus,
543 1807 716 1875 aDonantes
731 1806 958 1878 vobismetipsis,
969 1806 994 1862 si

139 1894 208 1966 quis
221 1895 362 1951 adversus
376 1896 504 1966 aliquem
526 1896 611 1951 babet
631 1896 790 1966 querelam,
805 1897 882 1951 siout
896 1902 925 1952 et
935 1896 994 1952 Do·

140 1982 239 2039 minus
253 1982 372 2039 donavit
382 1983 474 2050 robis,
490 1983 529 2039 ita
548 1990 634 2040 etvos
648 2005 663 2035 a
679 1984 792 2054 (cium
806 1998 849 2052 sir,
866 1984 928 2052 l3)l
946 1985 993 2039 ln·

139 2072 230 2129 aloem
255 2073 351 2143 itaque
379 2071 463 2128 nobis
487 2071 591 2127 delleta
608 2075 762 2140 donemus,
778 2078 807 2128 et
822 2088 873 2144 pro
888 2071 995 2129 nostris

140 2159 254 2217 delictis
274 2161 396 2217 invieem
412 2176 542 2229 oremus,
557 2166 644 2232 atque
663 2162 705 2217 ita
719 2162 934 2232 quodammodo
950 2160 995 2216 in·

139 2248 231 2306 aloem
248 2249 337 2321 pedes
352 2254 469 2304 nostros
488 2246 627 2305 lavemus.
643 2248 782 2305 Nostrum
798 2252 852 2317 est,
868 2250 995 2306 donante

142 2338 219 2411 ipso,
235 2338 428 2395 ministerium
444 2322 593 2394 eharitatis
609 2338 823 2395 atbumititstis
839 2339 993 2395 adbibere:

142 2430 224 2487 illius
238 2436 284 2486 est
292 2430 440 2498 exaudire,
450 2446 485 2486 ao
497 2444 550 2486 nos
572 2429 609 2485 sb
628 2430 708 2486 omui
724 2434 906 2499 peooatorum
921 2445 994 2485 eon·

141 2520 332 2578 taminatione
347 2521 488 2576 mundare
505 2536 555 2591 per
565 2519 723 2588 Christum,
738 2527 767 2576 et
781 2522 810 2575 in
821 2520 950 2579 Christo:
963 2524 994 2576 ut

140 2611 217 2684 quod
230 2610 297 2665 aliis
307 2608 654 2676 etiamdimittimus,boo
663 2609 743 2665 estin
755 2613 829 2665 terra
840 2608 991 2679 solvimus,

139 2700 272 2755 solvatur
286 2698 315 2752 in
331 2695 415 2753 eoelo.

417 2785 633 2842 TRACTA'I'US
650 2785 720 2843 ΗΧ.

137 2880 176 2937 At
190 2893 223 2935 eo
238 2879 310 2949 guod
326 2878 464 2933 Dominus
485 2874 564 2940 dicit,
586 2880 689 2941 Amen,
704 2892 790 2932 amen
806 2876 870 2932 dieo
895 2877 991 2941 robis;

175 2985 232 3025 non
244 2972 288 3023 est
299 2980 399 3022 servus
414 2964 508 3034 major
517 2964 636 3020 domino
644 2981 718 3034 suo;
732 2981 818 3037 osque
837 2966 874 3020 od
888 2965 927 3035 id,
938 2963 992 3031 Oui

176 3070 273 3116 aurem
290 3055 461 3126 meaooipit,
480 3054 587 3125 arripit
610 3069 677 3112 eum
692 3055 741 3127 qui
753 3055 832 3112 misit
848 3071 904 3113 ms.
922 3060 991 3128 cop.

172 3164 234 3219 xsrr,
250 3148 278 3218 t.
295 3146 393 3202 lu-m.

175 3241 201 3296 l.
216 3234 390 3292 Audivimus
403 3232 434 3288 in
461 3237 564 3289 saneto
586 3233 739 3305 Evangelio
755 3232 920 3305 loquentem
936 3233 992 3291 Do·

139 3327 254 3385 minum
269 3331 357 3395 atque
376 3323 533 3387 dieentem,
549 3344 564 3373 α
582 3322 685 3389 Amen,
700 3337 785 3378 amen
813 3322 878 3379 dieo
889 3323 991 3391 robis;

137 3434 195 3475 uon
211 3418 256 3474 est
269 3428 371 3470 servus
385 3411 480 3482 major
508 3411 627 3467 domiuo
652 3427 716 3478 suo,
738 3413 993 3483 nequeapostotus

136 3507 228 3577 msjor
242 3519 276 3560 eo
292 3502 341 3574 qui
352 3500 431 3556 misit
443 3498 540 3555 illum:
555 3500 597 3556 stu
607 3499 667 3555 baar
679 3499 773 3567 eritis,
785 3499 864 3555 besti
875 3499 957 3557 eritis
967 3501 990 3556 si

135 3593 262 3652 isaaritis
273 3607 339 3646 aa«
351 3590 409 3645 tloo
420 3588 484 3644 ideo
495 3588 577 3655 dixit,
586 3587 771 3659 quietaverst
780 3587 992 3658 discipulorum

135 3685 236 3757 pedes,
251 3683 390 3751 magister
404 3677 581 3734 humilitatis
595 3685 622 3733 et
638 3676 724 3733 verbo
738 3688 766 3732 et
780 3681 912 3748 exemplo
925 3678 990 3734 :ssd

137 3772 296 3844 poterimus
309 3784 345 3823 ea
360 3782 425 3837 quaa
440 3774 508 3821 eunt
519 3767 671 3837 operosius
686 3766 930 3838 disserendsipso
940 3768 991 3823 ad·

132 3861 253 3929 juvente
263 3854 443 3921 dissererem
454 3870 511 3909 non
523 3854 553 3909 ira
565 3854 682 3925 eisque
695 3856 848 3911 nranilesta
860 3860 929 3911 sunt
938 3854 992 3912 irn-

136 3944 449 4013 moromur.Gumergu
461 3940 880 4014 beoDominuspremisissst,
891 3945 992 4016 adjun.

136 4037 187 4105 xit,
202 4057 217 4086 o
234 4032 296 4089 Non
312 4033 348 4087 de
363 4029 501 4087 omnibus
515 4030 597 4088 vobis
609 4032 693 4088 dieo:
710 4048 762 4102 ego
778 4032 839 4089 seio
850 4050 923 4105 quos
934 4032 992 4090 ele-

135 4125 227 4199 gerim
243 4125 312 4178 :ssd
325 4120 519 4192 utimpleatur
535 4118 696 4191 Scriptura,
714 4121 767 4186 oui
780 4121 993 4195 oranduoatpa-

136 4231 202 4275 nem
219 4228 347 4279 menum,
362 4210 567 4282 levabitsuper
579 4225 625 4265 me
641 4209 810 4265 calcaneum
822 4227 918 4267 sum·
932 4212 991 4269 lloo

1048 909 1135 964 quam
1150 893 1215 959 llat;
1233 898 1264 949 ut
1292 908 1358 949 oum
1384 892 1492 947 loetum
1517 889 1616 953 luerit,
1633 884 1757 941 credatis
1772 883 1841 955 quia
1855 898 1911 954 ego

1048 998 1114 1038 eum
1133 999 1139 1038 :
1154 1004 1169 1033 »
1186 982 1216 1038 id
1230 986 1283 1043 eet.
1294 997 1347 1054 ego
1363 997 1428 1036 sum
1439 981 1475 1035 de
1487 994 1543 1051 quo
1554 975 1604 1031 illa
1617 975 1770 1047 Scriptura
1783 986 1914 1045 prenes-

1048 1070 1097 1139 sit,
1115 1071 1165 1127 ubi
1192 1071 1301 1127 dietum
1325 1075 1380 1137 eet,
1407 1068 1461 1133 Diri
1489 1065 1637 1123 mundatur
1667 1078 1774 1120 mecum
1797 1076 1912 1134 ponem,

1049 1161 1150 1218 brabit
1159 1177 1242 1232 super
1255 1176 1298 1218 me
1312 1159 1483 1215 colosseum.

1081 1270 1110 1325 2.
1126 1269 1235 1326 Deinde
1253 1268 1394 1340 sequitur,
1410 1271 1438 1323 st
1467 1264 1537 1321 dioit
1548 1280 1555 1319 :
1567 1264 1662 1331 Amen,
1687 1275 1770 1318 omes
1787 1258 1849 1316 dieo
1864 1273 1911 1315 ro·

1049 1357 1108 1422 bie:
1118 1361 1166 1431 qui
1180 1357 1319 1430 accipitri
1333 1373 1413 1429 qoem
1427 1357 1540 1422 misero,
1555 1368 1599 1409 me
1612 1350 1713 1424 occipit
1727 1368 1738 1416 ,·
1753 1353 1802 1421 qui
1816 1353 1911 1404 sotem

1047 1450 1206 1520 mercipit,
1219 1449 1320 1520 accipit
1348 1462 1412 1503 eurr
1436 1447 1485 1516 qui
1512 1459 1556 1500 me
1580 1443 1663 1498 misit.
1679 1438 1911 1496 'l'ontumnedi-

1048 1543 1127 1594 stare
1140 1537 1263 1609 intelligi
1279 1536 1526 1592 voluiliotereum
1538 1547 1624 1603 quem
1634 1530 1758 1586 mittitet
1767 1527 1910 1599 reipsum,

1049 1629 1192 1698 quantum
1217 1625 1293 1681 inter
1314 1625 1444 1696 seipsum
1470 1628 1498 1679 nt
1528 1621 1639 1678 Patrem
1672 1620 1762 1675 Deum
1778 1616 1793 1672 t
1808 1616 1869 1671 lloo
1885 1616 1910 1669 si

1048 1716 1106 1773 isto
1121 1714 1206 1771 modo
1218 1714 1428 1786 aeosperimus,
1443 1710 1539 1768 neseio
1549 1725 1624 1781 quos
1635 1708 1753 1779 gradus,
1767 1705 1844 1778 quod
1858 1703 1909 1757 ab·

1049 1804 1098 1873 sit,
1114 1803 1285 1860 Alienorum
1302 1817 1379 1858 inore
1391 1801 1541 1857 iaciemus.
1558 1796 1603 1854 llli
1624 1795 1753 1869 quipppe
1769 1809 1838 1851 eurn
1854 1807 1907 1847 nu·

1049 1894 1134 1949 diunt
1157 1893 1218 1950 beo
1241 1893 1410 1962 evangeliea
1435 1890 1534 1956 verba,
1551 1905 1601 1945 seu
1620 1887 1732 1959 legunt,
1750 1883 1855 1941 statim
1872 1880 1908 1936 ad

1048 1983 1114 2040 illos
1129 1983 1238 2054 gradus
1252 1980 1299 2038 sui
1314 1980 1460 2052 dogmatis
1470 1987 1600 2044 currunt,
1616 1976 1724 2048 quibus
1735 1989 1791 2030 non
1803 1986 1908 2027 moen·

1048 2073 1123 2130 dunt
1138 2072 1176 2128 ad
1190 2074 1289 2139 ritem,
1306 2069 1358 2127 sed
1375 2068 1593 2143 precipitantur
1614 2064 1644 2121 iu
1661 2068 1791 2120 mortem.
1803 2060 1907 2118 Conti-

1049 2170 1107 2209 nuo
1123 2151 1230 2226 quippe
1245 2151 1345 2207 dieunt
1364 2148 1532 2214 :Quantum
1543 2145 1696 2219 apostolus
1711 2143 1775 2201 silit
1789 2142 1909 2197 distata

1048 2240 1131 2313 lilio,
1161 2241 1292 2313 quamvis
1319 2239 1435 2304 dixerit,
1453 2236 1507 2306 Qui
1533 2235 1634 2307 arripit
1662 2234 1688 2290 ri
1702 2248 1780 2306 quem
1795 2232 1909 2296 misero,

1047 2347 1091 2388 me
1107 2332 1227 2402 occipit:
1239 2333 1353 2385 tontum
1374 2331 1404 2383 et
1419 2325 1511 2383 Filius
1526 2325 1616 2381 distat
1630 2341 1646 2380 a
1661 2323 1756 2390 Patre,
1772 2320 1911 2392 quamvis

1048 2421 1161 2487 dixerit,
1178 2420 1231 2489 Qui
1246 2428 1338 2475 eutem
1351 2435 1394 2473 me
1414 2415 1524 2487 arripit,
1540 2416 1639 2486 occipit
1652 2429 1716 2469 erim
1729 2412 1779 2483 poi
1791 2427 1838 2467 me
1850 2412 1911 2466 mi-

1047 2512 1094 2568 sit.
1110 2509 1164 2566 Sed
1193 2509 1288 2565 sibor
1310 2507 1394 2575 diois,
1424 2504 1535 2562 oblitus
1560 2521 1601 2564 es.
1625 2502 1768 2569 berettus,
1799 2498 1912 2573 gradus

1048 2590 1141 2657 tuone.
1157 2600 1184 2654 Si
1200 2597 1279 2654 enim
1295 2602 1376 2654 tanto
1402 2592 1551 2651 intervallo
1575 2597 1694 2666 propter
1710 2592 1771 2647 beo
1789 2589 1908 2660 Domini

1047 2689 1132 2747 rerba
1147 2687 1251 2744 Filium
1268 2707 1283 2742 a
1298 2686 1393 2754 Patre,
1409 2690 1551 2757 quantum
1563 2681 1728 2754 apostolum
1741 2678 1910 2752 distinguis

1046 2777 1156 2848 uFrlio,
1173 2777 1221 2833 ubi
1257 2775 1408 2849 positurus
1429 2791 1461 2830 es
1484 2771 1626 2844 Spiritum
1644 2770 1808 2828 sanetum?
1823 2768 1907 2824 Exei-

1047 2867 1137 2924 ditino
1154 2866 1216 2937 tibi,
1236 2882 1303 2922 eum
1329 2882 1377 2921 ros
1397 2878 1502 2936 ponere
1513 2862 1605 2919 sotere
1616 2863 1682 2933 post
1698 2858 1832 2915 Filium?
1847 2858 1909 2914 urit

1047 2971 1115 3029 ergo
1131 2957 1191 3027 ipse
1201 2955 1276 3013 inter
1289 2952 1454 3026 apostolum
1468 2958 1495 3007 et
1507 2950 1611 3006 Filium
1621 2967 1628 3018 ;
1640 2953 1669 3005 et
1678 2947 1771 3005 multo
1780 2947 1908 3021 amplius

1047 3036 1169 3094 distabit
1183 3036 1274 3093 Filius
1299 3036 1335 3091 ab
1354 3032 1484 3105 spostulo
1508 3047 1595 3104 quam
1622 3029 1706 3087 Pater
1732 3028 1849 3086 ofilio.
1863 3034 1905 3084 An

1048 3125 1131 3193 torte,
1149 3132 1180 3181 ut
1191 3125 1266 3180 inter
1281 3122 1387 3181 Filium
1405 3126 1434 3178 et
1457 3118 1636 3194 apostolum,
1651 3121 1739 3190 atque
1762 3115 1841 3174 inter
1856 3116 1906 3173 Pa·

1047 3219 1120 3271 trem
1136 3221 1164 3271 ot
1179 3214 1284 3270 Filium
1298 3217 1413 3269 maneat
1424 3212 1543 3283 paribus
1557 3208 1719 3266 intervallis
1735 3210 1792 3265 ista
1804 3206 1905 3265 distin-

1047 3304 1114 3371 etio,
1129 3302 1248 3376 equalis
1263 3302 1318 3360 erit
1332 3301 1457 3374 Spiritus
1472 3308 1591 3357 sanetus
1607 3298 1700 3355 uilior
1713 3298 1769 3356 Sed
1780 3314 1835 3355 neo
1850 3298 1905 3355 boe

1046 3392 1143 3451 vultis.
1160 3392 1214 3449 Ubi
1234 3407 1301 3465 ergo
1316 3406 1381 3449 euru
1399 3390 1521 3463 posituri
1538 3388 1648 3457 estis,si
1664 3392 1775 3460 quanta
1797 3386 1905 3444 sirium

1047 3483 1134 3553 Patri,
1151 3485 1231 3539 tantu
1250 3481 1414 3555 apostolum
1435 3478 1507 3536 Filio
1523 3478 1697 3534 discretione
1711 3475 1905 3550 suppontlist

1046 3570 1183 3629 Cohibete
1198 3569 1296 3642 itaquo
1310 3573 1413 3626 vestre
1429 3566 1667 3640 presumptionis
1687 3566 1841 3622 audaciam
1855 3583 1863 3635 ;
1877 3570 1906 3621 et

1046 3662 1076 3719 io
1094 3661 1137 3719 bis
1154 3659 1250 3716 verbis
1266 3657 1355 3715 nolito
1367 3673 1495 3730 querere
1511 3660 1651 3728 quantam
1668 3654 1731 3712 silit
1742 3660 1771 3713 et
1785 3662 1906 3728 aposto·

1046 3749 1107 3818 toli,
1121 3755 1230 3807 tantam
1246 3748 1340 3804 Patris
1356 3746 1478 3818 Filiique
1493 3746 1674 3802 distantiam.
1687 3744 1785 3816 lpsum
1798 3743 1906 3802 Filium

1046 3842 1144 3901 audite
1170 3839 1267 3913 potius
1291 3839 1447 3903 dicentem,
1466 3838 1522 3909 Epo
1542 3842 1569 3893 et
1591 3838 1677 3892 Peter
1699 3853 1787 3893 uriom
1807 3852 1906 3892 marrus

1045 3932 1134 4003 (loon.
1155 3945 1183 3997 x,
1199 3929 1256 4000 30).
1273 3927 1325 3984 Ubi
1351 3927 1456 3984 veritas
1480 3926 1562 3983 robis
1584 3926 1658 3983 inter
1681 3925 1846 3984 (ianitorem
1876 3933 1906 3983 et

1047 4021 1235 4095 Unigenitum
1257 4018 1369 4076 nullam
1393 4019 1537 4075 distantis
1560 4018 1760 4091 suspicionem
1776 4017 1903 4093 reliquit,

1047 4112 1097 4169 ubi
1112 4110 1221 4183 gradus
1237 4113 1350 4166 vestros
1365 4108 1494 4165 Christus
1509 4107 1598 4174 elisit,
1616 4108 1664 4164 ubi
1680 4106 1775 4165 soalas
1789 4114 1904 4166 vestras

1046 4206 1126 4276 petra
1140 4199 1290 4271 eoulregit.

138 4304 265 4380 quidest
278 4301 359 4359 aliud
375 4298 443 4367 nisi,
455 4297 989 4372 oonouleabitmetNotumestdequo
1080 4302 1108 4358 3.
1134 4299 1188 4356 Sed
1214 4298 1415 4355 hereticorum
1440 4295 1586 4354 calumnia
1611 4297 1746 4368 relutata,
1770 4303 1901 4370 quonam

137 4397 293 4464 loquetur;
313 4389 405 4446 ludas
425 4387 473 4443 ille
497 4386 620 4444 traditor
647 4387 712 4458 ejus
738 4387 900 4459 attingitur.
917 4389 990 4460 Ergo
1046 4390 1130 4448 modo
1160 4406 1213 4447 nos
1241 4389 1386 4461 accepturi
1411 4404 1514 4445 sumus
1536 4387 1598 4444 hee
1627 4388 1776 4446 dominica
1801 4392 1903 4458 verba,

135 4486 233 4557 ipsum
249 4496 307 4537 non
322 4478 458 4551 elegerat,
475 4476 552 4533 unde
566 4475 602 4532 ab
614 4476 657 4532 eie
671 4492 741 4547 quos
751 4476 848 4548 elegit,
866 4477 990 4533 istoser·
1045 4480 1099 4550 Qui
1113 4481 1214 4552 occipit
1227 4479 1254 4534 ei
1267 4494 1347 4552 quem
1371 4479 1481 4545 misero,
1496 4492 1540 4534 me
1562 4477 1675 4550 arripit:
1690 4479 1738 4550 poi
1752 4482 1846 4536 numm
1860 4496 1905 4537 ere

135 4587 222 4629 rnone
237 4568 374 4626 seoernit.
390 4566 469 4632 Quod
485 4579 552 4635 ergo
563 4563 639 4631 dieo,
655 4563 761 4637 inquit,
776 4564 856 4620 Beati
871 4565 949 4620 eritis
964 4563 990 4620 ri
1043 4568 1265 4643 accipir,aeeipir
1276 4584 1339 4624 eum
1349 4569 1400 4641 qm·
1413 4582 1457 4623 me
1471 4567 1569 4622 misit?
1581 4566 1609 4621 si
1630 4568 1709 4623 enim
1722 4566 1904 4626 voluerimus

134 4660 255 4732 feceritis
270 4674 312 4725 eo,
328 4672 384 4714 nen
398 4656 431 4711 de
445 4654 573 4711 erunibus
596 4653 672 4711 votis
687 4653 747 4709 dieo
763 4670 772 4708 .·
788 4659 831 4709 est
845 4654 924 4710 inter
938 4669 989 4711 vos
1043 4658 1205 4730 intelligere
1229 4658 1292 4714 ideo
1317 4658 1439 4727 dietum,
1455 4656 1509 4726 oui
1531 4673 1574 4713 me
1588 4658 1700 4729 scripit,
1716 4658 1819 4727 semper
1840 4675 1904 4715 eum

134 4752 186 4825 qui
208 4765 266 4807 non
285 4747 340 4804 erit
367 4747 477 4812 beatus,
495 4760 588 4815 neque
611 4743 697 4801 laetat
715 4759 759 4799 ea.
781 4745 836 4815 Epo
850 4746 907 4801 erio
922 4761 988 4816 quoe
1043 4750 1092 4822 poi
1116 4764 1160 4803 me
1173 4749 1256 4812 misit,
1273 4746 1349 4818 quod
1367 4745 1454 4803 unius
1468 4753 1575 4803 nature
1591 4745 1651 4802 sint
1663 4746 1784 4804 Pateret
1797 4746 1902 4817 Filium

133 4839 275 4913 elegerim.
291 4836 378 4902 Duos,
391 4833 448 4890 nisi
462 4849 511 4889 eos
527 4833 577 4904 qui
592 4832 667 4889 beati
681 4838 768 4889 erunt
783 4833 914 4889 iaciendo
924 4850 987 4906 que
1043 4852 1225 4908 consequens
1237 4834 1380 4892 ridebitur
1390 4850 1423 4891 ex
1439 4836 1607 4891 eorumdem
1620 4837 1775 4892 verborum
1788 4839 1902 4909 reguis,

135 4927 283 5005 presepit,
299 4941 333 4982 so
348 4923 478 4981 lseionda
498 4921 681 4988 monstravit,
700 4923 750 4991 qui
763 4921 877 4977 sllloere
892 4922 989 4979 beatos
1044 4942 1102 5000 qua
1116 4926 1227 4982 dietum
1242 4926 1358 4997 estora·
1367 4925 1466 4996 occipit
1481 4925 1597 4996 siquem
1608 4924 1719 4989 misero,
1732 4941 1776 4982 me
1789 4927 1903 4998 occipit,

134 5018 253 5095 potest‘l
267 5016 329 5073 Non
345 5023 399 5081 est,
416 5013 521 5084 inquit,
533 5012 657 5068 traditor
671 5011 764 5067 tudae
784 5010 903 5068 eleetos.
915 5012 988 5078 Quid
1045 5019 1078 5073 ut
1096 5016 1183 5072 unius
1200 5020 1313 5072 nature
1325 5015 1363 5070 sit
1377 5013 1469 5070 Filius
1483 5018 1514 5070 et
1531 5014 1691 5087 spostolus.
1716 5018 1819 5072 Posset
1835 5018 1903 5088 qul·

135 5116 263 5182 astorgo
278 5106 352 5177 ‹ruod
369 5104 425 5160 alio
438 5102 501 5159 loeo
512 5101 592 5169 dioit,
607 5100 701 5157 Norae
718 5115 766 5172 epo
789 5116 834 5158 eor
849 5101 989 5158 duodecim
1043 5106 1108 5163 dem
1135 5120 1192 5161 non
1216 5104 1452 5162 irroonvenienter
1466 5107 1496 5160 et
1520 5103 1575 5159 hoo
1598 5103 1735 5177 intelligi,
1759 5107 1903 5176 quonism

136 5200 220 5272 slepi,
235 5205 261 5254 et
276 5214 347 5253 eous
362 5212 398 5252 ee
413 5192 487 5250 vobis
508 5190 633 5247 diabolos
649 5195 689 5246 ert
703 5191 793 5259 (loen.
809 5206 848 5257 vr,
862 5190 932 5262 litt
945 5192 988 5248 An
1043 5194 1165 5269 gemine
1180 5199 1224 5250 est
1239 5193 1287 5250 ills
1311 5193 1395 5267 gigas
1420 5192 1603 5261 substantie,
1628 5192 1678 5267 qui
1694 5192 1852 5251 exsultarit
1866 5196 1903 5253 ad

138 5293 167 5344 et
180 5289 242 5358 ipse
252 5286 289 5342 ad
301 5285 408 5356 aliquid
417 5288 461 5340 est
476 5280 636 5349 eleetos,ad
651 5280 729 5351 quod
747 5280 848 5351 utique
859 5286 922 5336 erat
937 5296 987 5337 ne·
1042 5285 1216 5343 narrandam
1233 5284 1308 5340 riam
1331 5283 1415 5355 (Prot.
1433 5298 1514 5352 xviri,
1524 5282 1557 5355 b)
1572 5298 1580 5341 ι
1596 5281 1721 5341 Verbum
1738 5283 1818 5341 enim
1834 5301 1904 5344 earo

137 5377 301 5443 cessarium
317 5392 374 5433 non
385 5381 483 5431 autem
499 5373 535 5429 ad
554 5371 773 5438 beatitudiuem,
784 5371 820 5428 ds
831 5388 887 5442 rpus
903 5370 989 5430 modo
1043 5372 1153 5430 lsotum
1168 5380 1212 5428 est
1230 5372 1320 5443 (loeo.
1338 5371 1363 5426 l.
1381 5370 1437 5444 lt),
1453 5369 1508 5427 troo
1524 5374 1580 5441 est,
1596 5370 1673 5429 Deus
1701 5370 1788 5429 bomo
1805 5372 1903 5431 laetus

138 5465 280 5535 sititensi
293 5468 370 5521 eritis
384 5467 408 5520 ri
431 5461 552 5535 [erra-ilie
572 5464 628 5518 eo?
643 5460 703 5517 tioo
725 5479 782 5519 non
799 5462 835 5517 de
850 5462 988 5518 omnibus
1043 5467 1097 5521 sat.
1126 5461 1250 5518 Proinde
1266 5462 1308 5517 ita
1324 5458 1433 5517 dixisse
1457 5464 1556 5533 posset
1575 5460 1678 5528 videri,
1694 5461 1746 5531 eri
1760 5463 1863 5535 occipit
1878 5467 1904 5522 ri

135 5553 225 5617 dlott:
237 5553 294 5610 seit
303 5553 380 5609 enini
391 5568 464 5626 quos
474 5550 510 5609 sd
522 5552 690 5608 societatem
702 5550 888 5608 beatitudinis
900 5551 988 5625 boios
1042 5564 1121 5621 quem
1136 5550 1249 5618 irrisero,
1263 5565 1307 5606 me
1318 5550 1416 5622 occipit
1426 5550 1589 5609 seeundum
1600 5548 1750 5609 bominem
1764 5565 1771 5605 :
1785 5550 1841 5621 Qui
1849 5570 1903 5611 eu·
