3952 6150
22 134 184 198 ‘2439

113 279 171 320 nus
181 276 235 334 pro
246 276 302 318 sua
313 262 422 333 pietate
434 261 639 333 dignetur,qui
652 275 722 317 cum
734 262 818 316 Patre
830 263 859 317 et
873 258 935 333 Spi-

113 337 172 391 ritu
186 339 290 389 sancto
305 333 375 389 vivit
387 339 415 389 et
426 341 540 403 regnat.
554 339 661 390 Amen.

434 420 543 459 nonina
557 420 615 458 vin.

149 476 203 550 [lb.
214 492 234 531 x
248 480 277 531 et
290 473 344 548 xa]
360 474 421 529 Vox
435 476 468 528 de
481 476 554 537 coeto,
575 473 734 546 imperium
748 477 792 529 est
806 470 866 537 liei,
883 472 935 545 qul

114 549 249 604 Ecclesia
265 562 315 601 cor
329 548 431 614 tangit,
445 553 474 599 et
496 545 578 615 jabet
603 547 755 617 percipere
770 559 849 612 earn,
865 545 937 616 qiria

115 619 244 674 Ecclesia
257 619 265 652 ¹
283 622 386 686 aperto
403 616 478 669 libro
491 618 621 672 laturam
635 632 737 687 pacem
755 616 934 688 praedicavit.

114 690 214 745 brabit
226 687 440 757 adaaprtamat
453 687 531 741 daret
541 687 610 742 milti
623 686 739 742 libram:
755 692 811 743 ltoc
826 701 937 757 exper-

114 777 189 816 sona
199 760 321 814 loannis
334 758 462 813 Ecclesia
479 758 560 823 dicit,
580 759 756 813 desiderans
766 758 935 828 perdoceri.

116 835 146 887 Et
159 839 222 886 lano
235 828 306 883 dicit
322 828 507 899 raili,Accipe
521 830 654 885 etcoatede
663 830 761 885 illurn:
773 829 803 884 id
815 834 867 894 est,
878 827 936 883 luis

114 899 276 957 visceribus
286 899 396 970 pande,
413 907 441 955 et
459 902 594 956 describe
608 901 639 955 in
654 900 809 956 latitudine
825 898 933 956 cordis.

114 973 150 1028 Et
165 972 247 1039 saciet
260 971 410 1024 amaricari
424 978 543 1026 ventrem
559 980 644 1037 taum,
658 970 703 1025 sed
718 971 747 1025 ia
760 986 809 1027 ore
825 978 870 1026 tuo
880 970 935 1025 erit

113 1042 190 1097 debe
203 1048 233 1097 ut
246 1042 296 1096 mel
316 1060 326 1096 .·
341 1043 371 1097 id
384 1047 438 1098 est.
452 1060 521 1099 cum
538 1045 717 1115 perceperis,
738 1042 935 1098 oblectaberis

113 1114 224 1185 eloquii
235 1112 330 1167 divini
342 1113 510 1176 dulcedine,
520 1114 572 1169 sed
585 1114 815 1169 amaritudinem
826 1112 936 1168 senties

114 1201 183 1241 eum
195 1184 357 1256 predicare
371 1188 400 1240 et
413 1185 529 1255 operari
545 1186 670 1256 coeperis
685 1184 768 1309 pund
787 1184 937 1240 intellexe-

113 1255 153 1312 ris
169 1272 177 1322 ;
193 1257 270 1311 sicut
284 1255 428 1325 scriplum
441 1261 493 1322 est,
512 1256 628 1327 Propter
641 1272 688 1310 oer
705 1271 721 1309 a
737 1254 938 1309 labioramtuo·

114 1344 173 1382 rara
188 1343 233 1398 ego
247 1327 378 1381 custodivi
392 1329 450 1381 rior
465 1327 549 1381 duros
559 1328 645 1397 (Psoi.
662 1343 720 1389 xrs,
738 1331 776 1383 lt.
792 1329 824 1381 Et
839 1326 934 1387 aliter,

112 1399 185 1463 Erit,
200 1399 306 1521 inspuit,
324 1400 353 1452 ia
365 1414 411 1452 ore
425 1399 554 1452 taodalce
576 1406 605 1453 ut
617 1398 679 1459 mel,
692 1404 717 1451 et
733 1400 762 1451 in
777 1405 867 1451 ventre
887 1402 933 1451 tao

113 1470 235 1524 emorita
254 1486 279 1523 ο.
293 1469 326 1523 ln
345 1484 395 1523 ore
413 1470 618 1538 intelliguntur
630 1469 699 1523 boni
725 1475 753 1523 ct
768 1466 937 1539 spirituales

115 1540 283 1603 Christiani,
299 1539 330 1593 in
343 1543 445 1595 ventre
455 1540 589 1596 carnales
604 1537 793 1594 etluxuriosi.
809 1537 879 1593 inde
894 1542 938 1592 est

136 1611 197 1666 uod
209 1626 279 1665 curn
295 1610 420 1665 verbum
449 1612 498 1667 liei
514 1610 704 1683 praedicatur,
732 1609 937 1681 spiritualibus

113 1627 277 1736 ffulcecst:
304 1681 475 1736 carnalibus
502 1697 583 1744 vcro,
609 1697 738 1750 quorum
769 1678 936 1735 secundum

112 1751 288 1823 Apostolum
304 1752 382 1806 Deus
398 1758 499 1808 venler
512 1758 556 1807 est
571 1752 707 1822 (Philipp.
725 1767 764 1818 ru,
782 1751 835 1819 ts),
852 1766 938 1806 ama-

114 1840 181 1879 rum
194 1822 313 1877 videtur
327 1828 355 1877 et
381 1838 534 1895 asperum.
550 1824 588 1878 Et
603 1823 667 1877 dato
694 1830 732 1877 ert
747 1822 814 1876 mibi
831 1821 938 1877 orando

113 1895 198 1965 oirpae
211 1893 319 1955 similis,
335 1893 447 1948 dicens:
463 1895 549 1965 Sarpe
560 1902 584 1949 et
604 1893 699 1949 metire
715 1892 842 1963 templum
855 1892 905 1947 Dei
914 1899 938 1946 et

113 1965 210 2028 altore,
239 1972 263 2020 et
287 1963 430 2019 odorantes
469 1968 501 2020 ia
531 1982 569 2020 eo.
597 1966 698 2035 Surge,
733 1964 872 2019 excitatio
892 1967 938 2018 est

114 2036 261 2092 Ecclesia.
278 2038 342 2090 Non
357 2037 437 2091 enim
452 2035 500 2092 hic
511 2038 642 2092 loannes
654 2035 841 2090 sedibundus
856 2037 867 2070 2
882 2050 937 2090 au·

113 2107 226 2163 diebal.
242 2106 344 2161 Metire
359 2108 493 2177 templum,
508 2115 532 2162 et
545 2107 643 2172 altare,
652 2114 676 2161 et
689 2105 835 2161 adorantes
847 2108 877 2159 ia
889 2121 937 2159 eo:

113 2178 272 2233 Ecclesiam
282 2177 564 2248 jubetrecenseri‚et
575 2177 936 2249 praeparariadnltimum,

113 2255 142 2304 et
154 2248 313 2306 adorantes
326 2250 355 2304 in
372 2265 416 2303 ea.
431 2249 567 2322 Sedquia
580 2264 639 2304 non
651 2264 757 2303 ornnes
771 2247 822 2320 qui
837 2247 937 2302 viden·

114 2324 172 2388 tur,
189 2319 322 2383 adorant,
339 2319 406 2375 ideo
421 2321 505 2388 dixit,
522 2320 634 2374 Atriam
652 2320 721 2389 priori
741 2326 780 2373 est
793 2319 861 2390 soris
875 2325 937 2372 tem·

111 2392 201 2462 plum,
214 2392 280 2462 ejice
299 2390 384 2460 foros,
402 2399 427 2445 rt
456 2408 486 2446 ac
503 2392 625 2445 metiaris
647 2391 726 2445 illud.
743 2391 801 2462 lpsi
829 2388 937 2444 atrium

113 2468 183 2517 sunt
197 2464 249 2533 qui
259 2463 398 2517 ridentur
413 2463 444 2518 in
475 2463 600 2517 Ecclesia
613 2478 691 2526 esse,
714 2469 742 2516 et
771 2460 843 2516 loris
856 2463 936 2523 sunl,

114 2536 178 2588 sive
192 2532 330 2597 haeretici,
345 2534 407 2587 sire
424 2533 501 2589 male
515 2532 936 2596 virentescatlrolici.Quoniam

113 2604 256 2659 detumest
281 2604 411 2675 pentibus,
434 2612 457 2660 el
486 2604 627 2659 civilatem
654 2610 773 2658 retortam
798 2601 937 2657 calcabunt

113 2675 248 2730 mensibus
275 2675 459 2745 quadruplata
475 2674 586 2729 dnobus.
612 2676 665 2738 Oui
688 2673 893 2735 excludentur,
910 2678 938 2726 et

112 2746 221 2870 picibus
245 2746 374 2810 dabitur,
405 2747 522 2817 utrique
551 2745 801 2800 calcabunteam.
815 2744 854 2799 Et
870 2742 937 2796 dubo

134 2817 214 2871 uoltis
230 2816 340 2869 testabar
361 2817 426 2869 orris
446 2835 455 2870 :
471 2815 500 2870 id
530 2822 583 2878 est,
599 2815 719 2869 duobus
732 2813 936 2870 Testamentis.

113 2889 150 2941 Et
166 2886 364 2957 proplrelabuat
378 2886 471 2941 diebus
482 2886 557 2941 mille
576 2886 696 2941 duceretis
709 2887 870 2956 sexapr'ata:
886 2900 938 2940 nu·

114 2973 232 3012 ineram
248 2958 420 3012 novissimae
447 2957 663 3029 persecutionis
691 2956 773 3019 dixit,
789 2963 818 3010 et
830 2957 936 3012 laturre

114 3028 209 3099 pacis,
223 3032 251 3082 et
261 3029 350 3082 totius
362 3030 505 3099 temporis
526 3044 544 3082 a
562 3028 677 3083 Domini
691 3029 828 3098 passione
844 3041 937 3098 ;qu0·

113 3099 196 3155 niam
212 3103 372 3170 utrumqne
389 3104 507 3171 tempus
527 3100 648 3154 lotidem
664 3098 727 3154 dies
742 3099 843 3160 habel,
854 3096 938 3167 quod

114 3185 170 3224 suo
184 3169 215 3225 in
238 3169 304 3224 loeo
323 3169 448 3226 dicetur.
467 3171 569 3235 Sacris,
587 3170 675 3224 idest
696 3169 808 3232 ciliciis,
830 3168 935 3223 amicti.

114 3239 937 3312 Quodiniiopolaprlemidestjnconfessionesintcons·

114 3311 203 3376 tituli,
216 3312 687 3381 quiaexcensnhumilitatisrlixit
697 3310 935 3366 saccisamictos.

114 3382 227 3438 Dehinc
241 3383 371 3438 ostendit
381 3384 430 3455 qtri
444 3383 553 3437 struthi
577 3383 638 3438 duo
652 3386 753 3445 testes,
769 3382 883 3445 dicens,
901 3380 938 3435 Hi

111 3463 174 3508 sarit
191 3453 252 3508 aas
265 3454 343 3509 oliuae
357 3462 382 3509 et
412 3455 465 3508 duo
478 3452 647 3519 candelabro,
672 3454 703 3506 in
726 3459 865 3523 conspectu
880 3451 934 3506 Do·

114 3525 187 3579 ruini
201 3531 282 3579 terre
292 3531 392 3580 slantes
407 3525 479 3595 :qui
492 3532 561 3580 sunt
574 3526 625 3597 qui
639 3527 726 3589 stant,
741 3540 801 3579 nou
817 3525 868 3595 qni
881 3530 939 3578 sta·

114 3596 201 3652 bunt.
222 3597 287 3651 Duo
302 3596 484 3651 candelabra
497 3595 684 3660 Ecclesiaest,
698 3596 749 3650 sed
766 3610 821 3666 pro
834 3609 939 3649 nume·

114 3670 418 3722 roTestamentorum
438 3668 511 3722 dixit
535 3666 606 3722 duo.
633 3667 712 3722 Sicut
740 3673 869 3737 quatuor
885 3680 941 3721 an·

115 3737 198 3811 gelos
211 3738 284 3794 dixit
300 3738 471 3803 Ecclesiam,
485 3754 553 3793 cum
568 3738 939 3809 sinlscplcmpronumero

116 3809 291 3877 angelorum
322 3817 423 3864 terrae:
440 3812 481 3864 lta
497 3825 532 3864 ex
555 3816 669 3880 septem
699 3807 897 3870 candelabris,
914 3805 938 3861 si

115 3895 210 3934 nntius
225 3879 270 3933 vel
286 3880 416 3951 amplius
428 3896 481 3952 pro
494 3881 566 3936 locis
581 3880 723 3943 nominet,
735 3884 794 3934 tota
809 3878 941 3933 Ecclesia

115 3955 168 4005 est.
186 3954 260 4005 Nam
274 3952 432 4006 Zacharias
448 3967 541 4006 uuum
555 3949 772 4006 candelabrum
787 3951 860 4004 vidit
873 3963 939 4020 sep·

116 4020 246 4085 tilorme,
262 4022 352 4077 ethas
367 4023 443 4077 duas
455 4022 548 4077 olivas
560 4022 658 4094 (Zara.
676 4038 715 4086 iv,
730 4022 756 4086 E,
786 4021 824 4091 3),
841 4020 869 4074 id
884 4025 937 4084 est,

116 4094 304 4148 Testamenta
314 4093 469 4148 infundere
478 4092 575 4149 oleum
587 4092 780 4151 candelabro.
790 4093 820 4147 id
831 4096 875 4146 est
890 4093 940 4145 Ee-

116 4162 222 4219 elesire.
236 4165 316 4219 Sicut
328 4169 398 4219 sunt
408 4164 518 4219 ibidem
529 4172 642 4235 septem
658 4162 746 4228 oculi,
759 4161 939 4232 septiformis

117 4236 214 4303 gratia
230 4236 354 4304 Spiritus
368 4236 474 4300 sancti,
490 4236 541 4361 piri
567 4236 677 4289 suntin
694 4235 833 4295 Ecclesia,
847 4232 938 4304 inspi-

117 4309 229 4360 cientes
240 4311 332 4361 tolam
348 4311 468 4361 terram.
519 4312 529 4361 t
543 4306 567 4360 si
581 4306 641 4377 prtia
659 4305 716 4361 oirlt
731 4321 772 4359 cos
786 4304 882 4359 ledere
896 4302 939 4359 vel

115 4376 243 4443 occidere,
261 4376 331 4447 t'pnir
347 4378 423 4433 celet
441 4394 474 4431 ce
486 4395 532 4432 ore
557 4393 659 4441 eoram,
675 4383 700 4431 et
723 4375 863 4431 devorabit
883 4374 939 4429 ini·

116 4449 197 4502 miror
216 4464 308 4502 eornm
318 4468 328 4504 .·
343 4449 439 4512 idest,
456 4448 556 4520 siquis
572 4447 735 4503 Ecclesiam
746 4449 791 4502 vel
804 4444 939 4501 lreditrel

116 4519 223 4574 lrerlcre
235 4520 369 4584 nutrierit,
387 4519 525 4591 precibus
542 4519 602 4575 oris
615 4521 679 4588 ejus
693 4519 794 4574 divino
807 4519 875 4588 igne
888 4521 940 4571 aut

118 4591 147 4644 in
159 4591 299 4661 praesenti
309 4590 346 4644 ad
360 4592 585 4655 correctionem,
602 4596 653 4645 aut
668 4590 699 4644 in
715 4590 814 4645 laturo
829 4587 939 4644 saecrrlo

116 4662 155 4715 ad
167 4660 393 4716 damnationem
405 4668 607 4716 consumetur.
626 4661 661 4715 lli
676 4661 771 4715 labent
784 4664 938 4732 potestatem

117 4731 242 4785 clarrdere
256 4732 348 4786 calum
363 4732 488 4797 arabibus,
504 4749 537 4787 ae
550 4732 628 4803 pluat
643 4733 673 4787 ia
687 4732 777 4786 diebus
788 4748 839 4803 pro
860 4731 939 4784 helice

117 4802 248 4873 ipsoram.
264 4802 377 4869 llubeat,
392 4805 432 4858 ait
445 4826 450 4867 ς
463 4819 535 4867 non,
554 4803 711 4859 Habebunt
725 4818 732 4858 :
751 4803 827 4858 hoci
851 4817 886 4856 eo
898 4802 941 4855 di-

117 4873 166 4939 cit‚
180 4875 253 4944 qiria
266 4881 383 4945 tempus
394 4876 476 4999 praed
491 4875 672 4942 nnncagitur
683 4873 866 4942 significavit.
884 4870 941 4928 Sed

118 4950 148 5000 et
158 4944 348 5016 spiritualiter
363 4962 406 5001 coe
419 4962 470 5000 um
484 4945 639 5009 clauditur,
652 4960 689 5000 ne
704 4945 831 4999 imbrem
846 4942 939 5014 pluat,

118 5016 200 5072 idest
211 5032 248 5071 ne
263 5016 390 5081 occulto,
407 5016 458 5071 sed
480 5022 582 5071 tamen
598 5017 676 5086 justo
691 5015 805 5085 judicio
821 5014 872 5069 Dei
892 5030 941 5069 su-

118 5103 172 5159 per
184 5087 313 5141 sterilem
329 5095 439 5142 terram
450 5086 487 5141 de
503 5086 632 5142 Ecclesia
647 5085 942 5143 benedictiodesoen-

119 5161 179 5214 dal.
194 5160 231 5212 Et
244 5175 304 5214 cum
314 5158 442 5230 finierint
456 5158 638 5213 testiinonium
665 5174 754 5224 suant,
776 5157 860 5212 beatio
883 5172 942 5226 que

119 5230 238 5284 asendit
257 5231 401 5302 decipere,
420 5230 502 5302 faciet
527 5246 586 5285 cnm
613 5229 651 5285 eis
669 5229 809 5300 pretinm.
835 5230 943 5298 Aperte

119 5300 182 5356 haec
200 5303 303 5358 omnia
315 5301 446 5357 ostendit
456 5306 523 5357 ante
546 5300 743 5357 novissimam
765 5298 945 5372 persecutio·

118 5386 188 5428 nem
199 5374 273 5442 lieri,
287 5389 355 5428 curn
367 5373 449 5443 dicit,
457 5390 516 5428 cam
526 5373 923 5443 finieriattertimoaiumruam
932 5385 944 5423 .·

151 5539 159 5571 ¹
176 5540 250 5599 Mss..
267 5542 392 5593 Ecclesia.

151 5602 161 5631 ¹
175 5600 293 5653 laeditis
310 5606 394 5662 deest,
410 5606 575 5659 sedibundus.
594 5606 713 5658 liabetur
720 5606 747 5657 in
761 5605 809 5657 Me.
824 5604 945 5656 Patrensi

120 5662 147 5712 el
163 5665 233 5728 apud
249 5665 355 5715 Bedam.

593 132 630 192 ΙΝ
650 130 683 195 Β.
703 130 852 193 JOANNIS
872 130 1123 201 caecanteslll
1141 128 1342 192 EXPOSITIO.

1757 139 1824 197 alst

989 259 1093 342 ntique
1104 257 1177 315 illud
1187 258 1269 342 quod
1284 259 1416 330 praebent
1438 259 1547 341 ¹usque
1559 259 1600 317 ad
1611 259 1822 342 resolutionem

987 330 1105 387 Christi.
1117 331 1155 385 Et
1167 337 1253 385 orrioet
1262 347 1312 395 eor,
1327 338 1352 385 et
1361 330 1583 395 occidetromcet,
1592 332 1624 387 ln
1637 348 1681 387 ets
1694 333 1750 458 (pul
1762 350 1825 391 sue·

989 402 1164 467 eubnerint3
1180 401 1292 465 occidet,
1307 403 1580 474 ineisquiconlessi
1599 405 1697 457 lleum
1720 404 1823 462 uerint.

988 474 1027 529 Et
1040 489 1139 543 corpas
1151 490 1243 527 rorum
1255 472 1419 544 projicietur
1429 473 1824 545 inpleteireioitatisrnopaa:

989 546 1120 598 duorum
1136 545 1208 599 dicit
1225 559 1318 600 unam
1347 559 1468 614 corpus,
1496 544 1667 617 aliquando
1683 561 1821 616 corpora,

990 623 1021 671 ut
1034 621 1062 671 et
1078 630 1238 670 numerum
1250 617 1507 670 Testarnentorum
1518 621 1665 680 servaret,
1682 622 1713 672 el
1733 618 1825 674 Eccle-

989 688 1039 742 siae
1053 701 1147 741 unum
1169 701 1278 756 eorpus
1302 691 1474 756 ostenperet
1487 689 1508 741 ².
1523 686 1558 741 la
1572 686 1676 758 plateis
1704 687 1824 745 ciuitatis

988 774 1107 827 pragae:
1123 756 1251 819 idest,in
1266 756 1364 812 medio
1373 757 1518 813 Ecclesia.
1530 758 1671 813 Etoidmt
1682 757 1823 831 depopelir

989 836 1014 882 et
1030 828 1156 883 tribubus
1170 834 1194 882 et
1210 827 1312 897 linguis
1324 843 1420 899 corpur
1429 845 1531 893 eoram,
1539 845 1589 899 per
1601 829 1661 884 dier
1677 834 1771 886 tresel
1785 832 1823 886 di·

987 899 1105 955 miiitum
1118 916 1126 953 .·
1140 899 1170 954 id
1185 904 1238 964 est,
1255 914 1352 954 annos
1375 908 1432 955 tres
1450 906 1478 956 et
1497 915 1619 956 menses
1635 915 1704 959 sex.
1731 904 1822 960 Eiscet

988 972 1068 1026 enim
1082 979 1209 1041 ternpus,
1224 985 1304 1025 nunc
1320 986 1458 1041 presens,
1475 986 1556 1026 nuuc
1568 968 1732 1028 futurum:
1753 973 1821 1031 sicut

989 1049 1017 1096 et
1032 1042 1176 1097 Dominus
1189 1040 1269 1105 dicit,
1289 1040 1383 1096 Veniet
1396 1042 1473 1106 liora,
1489 1043 1519 1096 ia
1533 1058 1588 1113 pao
1610 1043 1708 1097 omnia
1721 1044 1769 1115 piri
1781 1062 1821 1100 oe·

989 1111 1087 1168 sitierit
1095 1129 1147 1176 οοο,
1158 1111 1312 1166 arbitretur
1322 1112 1506 1183 obsequiamse
1513 1119 1649 1184 prestare
1663 1115 1725 1169 Deo
1735 1114 1820 1183 (lona.

990 1200 1048 1247 xvi,
1064 1184 1102 1255 2).
1120 1186 1151 1238 Et
1161 1198 1241 1237 nunc
1254 1188 1306 1247 est,
1321 1190 1349 1238 et
1359 1183 1465 1239 veniet.
1479 1185 1519 1239 Et
1528 1200 1646 1255 corpora
1662 1201 1760 1241 ewam
1774 1204 1821 1242 noa

989 1255 1083 1309 riarrat
1095 1255 1163 1325 poni
1173 1255 1203 1308 ia
1218 1260 1396 1308 rnonameato.
1416 1256 1521 1310 Votum
1544 1271 1654 1311 eorum
1672 1256 1713 1312 ad
1728 1258 1820 1329 impu·

991 1326 1165 1394 gnationem
1189 1325 1282 1380 dixit:
1300 1341 1360 1381 non
1374 1341 1435 1397 quo
1460 1325 1580 1381 valeant
1607 1326 1711 1383 lacere
1737 1343 1774 1383 ne
1787 1330 1821 1386 sit

991 1396 1121 1452 Ecclesia
1135 1397 1165 1450 in
1181 1396 1336 1461 memoria,
1345 1395 1420 1452 sicut
1434 1397 1552 1465 etillud,
1563 1398 1622 1453 lieo
1634 1415 1684 1452 oor
1697 1398 1819 1464 intratis,

991 1484 1037 1522 neo
1051 1467 1119 1521 alios
1133 1467 1228 1521 eiar'tir
1239 1467 1345 1521 intrare
1360 1468 1469 1534 (Matilo.
1480 1469 1618 1540 xxrn,l3)
1632 1487 1640 1533 ;
1654 1485 1730 1526 cum
1741 1471 1819 1527 mulli

992 1539 1157 1594 introierint
1166 1539 1257 1593 etiarn
1270 1537 1326 1593 illis
1337 1538 1599 1610 impugnantibus.
1616 1541 1666 1596 Sic
1678 1556 1751 1610 ergo
1763 1557 1819 1598 non

992 1611 1094 1665 sinunt
1108 1609 1178 1680 poni
1194 1610 1223 1663 in
1239 1615 1446 1665 monumento.
1457 1611 1495 1665 Et
1511 1610 1702 1667 inhabitantes
1718 1619 1818 1667 mnan

991 1680 1108 1750 parrdmt
1129 1697 1212 1750 super
1235 1696 1286 1744 eos,
1311 1689 1335 1735 et
1353 1681 1510 1751 epulantur,
1526 1688 1551 1736 et
1566 1698 1686 1737 munero
1709 1684 1818 1739 raoioear

990 1753 1113 1807 miltant.
1141 1751 1201 1807 lloc
1223 1767 1340 1821 seraper
1356 1751 1465 1807 laotrrm
1481 1757 1534 1816 est,
1548 1759 1579 1809 et
1594 1769 1680 1809 nunc
1695 1753 1819 1811 invicem

992 1824 1123 1889 mittunt,
1139 1828 1167 1876 et
1182 1824 1343 1877 novissime
1358 1823 1534 1893 gaudebunt
1550 1830 1580 1879 et
1594 1824 1818 1895 epulabuntur;

991 1896 1108 1966 quoties
1122 1893 1202 1947 enim
1213 1894 1284 1963 justi
1298 1892 1481 1959 affliguntur,
1496 1896 1652 1951 exsultant
1663 1895 1779 1966 injusti,
1795 1904 1822 1953 et

992 1965 1162 2037 epulantur.
1177 1964 1347 2031 eroaiamlei
1357 1965 1556 2036 duoPropltela’
1562 1968 1817 2022 cruciaverunteoe:

991 2052 1045 2106 per
1054 2035 1244 2107 plagasque.»
1257 2037 1765 2107 procontemptuTestamentorum
1773 2038 1819 2094 Dei

992 2110 1159 2163 humanum
1175 2122 1270 2173 genus
1285 2105 1432 2175 allligunt.
1449 2107 1581 2180 Denique
1595 2110 1691 2164 etiam
1707 2110 1771 2180 ipse
1780 2111 1820 2164 ri·

993 2179 1309 2247 susjustorumgravat
1322 2178 1612 2251 iniustoe,sicntipsi
1625 2178 1749 2249 dieunt,
1758 2181 1820 2235 Gra·

991 2250 1031 2304 oia
1044 2256 1080 2304 est
1095 2247 1173 2302 nobie
1184 2250 1264 2303 etium
1276 2247 1312 2303 ed
1323 2248 1469 2304 videndum
1486 2249 1561 2320 (Sap.
1575 2265 1607 2314 rr,
1625 2252 1688 2319 ta).
1707 2250 1820 2307 Gaude·

991 2322 1067 2376 bunt
1081 2325 1181 2375 antem
1199 2320 1391 2389 ubicumque,
1404 2321 1492 2375 veluti
1503 2321 1567 2446 pam
1577 2320 1821 2377 nihilhabueriut

992 2391 1075 2464 quod
1090 2390 1278 2462 impatienter
1290 2391 1395 2457 lerant,
1406 2391 1502 2447 distur
1524 2393 1583 2446 atis
1597 2397 1625 2447 et
1639 2392 1755 2448 occisis
1763 2394 1820 2465 jus·

992 2465 1038 2528 tis,
1054 2467 1198 2517 eteorum
1214 2461 1386 2518 haereditate
1401 2476 1552 2533 possessa.
1570 2463 1611 2518 Et
1622 2471 1687 2534 poet
1701 2463 1758 2519 dies
1771 2473 1820 2518 tra

991 2540 1015 2588 et
1029 2533 1174 2587 dimidiam
1189 2533 1307 2604 spiritus
1317 2533 1379 2588 oilae
1394 2532 1478 2589 aDeo
1490 2534 1611 2588 intrarit
1625 2535 1659 2589 in
1676 2534 1749 2590 ilios.
1762 2538 1820 2591 lam

992 2604 1105 2659 dictum
1120 2610 1166 2659 est
1179 2604 1216 2658 de
1231 2603 1348 2658 diebus.
1362 2607 1422 2659 lluc
1434 2619 1530 2677 usque
1541 2604 1677 2674 angelus
1693 2605 1819 2663 lutrirum

993 2676 1134 2739 narrarit,
1151 2680 1179 2728 et
1201 2674 1315 2729 inducit
1341 2674 1452 2730 lactum
1468 2674 1550 2747 quod
1576 2675 1720 2732 laturum
1735 2678 1821 2733 audit.

991 2748 1028 2802 Et
1040 2751 1172 2800 steterant
1184 2761 1265 2815 anper
1275 2744 1353 2817 pedes
1367 2762 1438 2813 euos,
1452 2752 1477 2800 et
1498 2747 1584 2801 timor
1598 2764 1719 2817 maenus
1731 2747 1820 2803 cecidit

990 2833 1073 2887 snper
1084 2817 1260 2871 videnteseos.
1274 2817 1311 2872 Et
1323 2817 1418 2872 audini
1433 2833 1520 2872 rocem
1530 2833 1661 2889 magnum
1671 2818 1705 2874 de
1719 2818 1821 2874 celadi-

991 2896 1100 2956 centem,
1111 2887 1252 2942 ascendite
1263 2887 1327 2942 lac:
1337 2887 1546 2943 etasrenderant
1558 2887 1588 2942 ia
1596 2889 1696 2944 crelam
1708 2892 1739 2945 in
1751 2891 1820 2945 aab.

992 2962 1051 3014 lloc
1064 2964 1107 3013 esl
1122 2959 1203 3029 quod
1223 2958 1383 3029 Apostolus
1396 2959 1478 3023 dixit,
1495 2959 1654 3030 Ropiemer
1668 2962 1701 3015 r'rr
1715 2961 1823 3017 arabibus

991 3029 1211 3085 obuiamEirieto
1221 3030 1244 3099 (l
1258 3030 1345 3085 Taces.
1354 3045 1393 3096 rr,
1404 3032 1459 3101 ta).
1468 3030 1821 3088 Anteadventnmautem

993 3101 1109 3157 Domini
1126 3101 1197 3155 nulli
1211 3101 1268 3156 hoc
1284 3117 1373 3169 posse
1397 3102 1573 3169 contingere
1589 3104 1742 3175 scriptum
1758 3109 1820 3159 est:

991 3171 1247 3231 initiamdlrristae,
1261 3171 1394 3227 cicindeli
1405 3173 1524 3243 quirunt
1538 3171 1650 3228 Christi
1664 3174 1696 3228 ia
1708 3174 1820 3229 οάοιοοο

991 3245 1048 3315 ejus
1061 3245 1081 3313 (l
1097 3242 1159 3298 Gor.
1174 3257 1223 3308 xv,
1235 3242 1292 3315 El).
1304 3244 1385 3299 Unde
1395 3243 1564 3299 excluditur
1576 3245 1683 3299 omnis
1696 3245 1819 3317 suspicio

990 3313 1265 3386 quorumdamqui
1279 3321 1384 3385 putant
1396 3313 1452 3369 hos
1462 3312 1539 3370 duos
1551 3319 1646 3370 testes
1654 3315 1736 3372 duos
1748 3317 1819 3371 riros

992 3400 1065 3448 esse,
1083 3392 1112 3439 et
1125 3389 1194 3439 ante
1217 3385 1380 3440 adventum
1396 3384 1502 3443 Christi
1517 3387 1631 3441 coelum
1648 3386 1681 3442 in
1698 3388 1817 3442 nubibus

993 3455 1175 3512 ascendisse.
1193 3455 1350 3519 Quomodo
1361 3463 1461 3512 autem
1477 3461 1644 3526 potuerunt
1655 3458 1817 3514 habitantes

992 3533 1102 3582 terram
1116 3526 1154 3581 de
1169 3525 1298 3582 duorum
1314 3543 1385 3583 nece
1398 3525 1540 3596 gaudere,
1551 3542 1623 3583 cum
1639 3528 1673 3583 in
1685 3544 1745 3584 una
1757 3529 1817 3585 ciri·

992 3601 1050 3653 late
1067 3602 1261 3665 morerentur,
1275 3602 1303 3653 et
1313 3614 1439 3654 munera
1447 3596 1578 3653 invicem
1587 3599 1720 3666 mittere,
1731 3601 1815 3655 sitres

992 3670 1054 3724 dies
1076 3669 1145 3733 sint,
1156 3668 1207 3739 qni
1229 3674 1391 3740 antequam
1413 3669 1568 3737 gaudeant
1588 3667 1630 3724 de
1646 3685 1731 3735 nece,
1752 3685 1814 3726 oon·

992 3739 1189 3795 tristabantur
1207 3738 1244 3795 de
1271 3740 1508 3795 resurrectione?
1525 3741 1586 3795 Aut
1624 3741 1712 3797 uales
1726 3740 1812 3813 epulae

991 3818 1042 3867 aul
1057 3810 1192 3880 voluptas
1204 3824 1267 3864 esse
1281 3815 1378 3893 potest
1389 3811 1418 3866 in
1436 3810 1542 3882 plateis
1555 3825 1616 3882 epu
1630 3815 1759 3878 antium,
1773 3828 1813 3867 ca·

992 3881 1153 3937 daveribus
1163 3883 1304 3937 humanis
1316 3881 1412 3954 epulis
1427 3881 1569 3937 morbum
1579 3881 1725 3940 triduano
1735 3882 1816 3939 letore

992 3951 1203 4008 reddentibus?
1218 3952 1299 4008 Unde
1308 3968 1362 4008 nos
1371 3952 1515 4009 Dominus
1523 3951 1660 4010 liberare
1673 3954 1815 4025 dignetur.

993 4027 1100 4080 Amen.

1319 4109 1433 4151 nouiara
1452 4108 1490 4150 lx.

1030 4165 1084 4236 [lb.
1097 4180 1126 4220 xr
1135 4165 1328 4238 etxn.]0uod
1338 4165 1522 4230 audivimus,
1531 4163 1653 4237 fratres,
1661 4167 1692 4223 in
1703 4166 1816 4223 lectione

993 4237 1249 4308 quaerecitataest,
1261 4237 1367 4306 quiaia
1379 4236 1737 4305 illnlerasactaseetlerrre
1743 4246 1816 4292 maer

996 4323 1109 4378 rrropaar
1119 4330 1129 4375 ‚·
1140 4307 1171 4363 in
1186 4306 1236 4362 illo
1252 4312 1335 4363 terrae
1351 4314 1434 4364 motu
1449 4309 1618 4379 persecutio
1644 4308 1815 4381 intelligitur,

993 4395 1084 4450 quam
1094 4377 1291 4448 diabolusper
1301 4379 1545 4435 maloshomines
1555 4394 1817 4437 exercereeonsue·

992 4453 1045 4505 rit.
1060 4450 1098 4505 Et
1112 4448 1223 4515 decimu,
1235 4449 1341 4521 inquit,
1358 4466 1423 4519 pars
1435 4451 1557 4505 ciuitatis
1571 4452 1682 4518 cecedit,
1698 4457 1723 4507 et
1740 4452 1817 4507 oeta

993 4527 1056 4575 snat
1070 4522 1193 4576 interrae
1207 4528 1281 4575 mota
1291 4524 1401 4576 nomino
1414 4522 1538 4576 virorum
1554 4528 1660 4593 reptent
1675 4523 1776 4579 millia.
1791 4523 1817 4576 lit

994 4591 1817 4667 denariasetseptenariusperlectusestnumerus:quod

993 4664 1018 4717 si
1029 4678 1089 4718 non
1100 4670 1187 4727 esset,
1201 4669 1315 4734 aparte
1329 4670 1424 4719 totum
1435 4662 1667 4732 intelligendum
1681 4670 1754 4722 erat.
1764 4665 1818 4720 lluo

995 4734 1149 4788 suntenim
1157 4734 1286 4789 aedificia
1295 4734 1325 4788 in
1339 4733 1589 4800 Ecclesia;unum
1600 4744 1816 4810 suprapetram,

994 4804 1304 4876 aliudsupraarenam
1314 4805 1715 4876 :quodsupraareuamesa
1726 4807 1819 4864 dicitur

995 4875 1150 4931 corruisse.
1165 4878 1197 4931 Et
1207 4878 1299 4931 ceteri
1308 4879 1470 4941 timuerunt,
1486 4882 1511 4930 et
1522 4876 1663 4933 dederunt
1677 4880 1820 4936 claritate·

996 4947 1060 5001 lleo.
1075 4946 1117 5002 llli
1133 4946 1279 5003 dederunt
1289 4947 1816 5021 claritatem,quisuprapeuameoi·

995 5018 1076 5073 ficati
1097 5022 1176 5084 sunl,
1192 5024 1221 5073 et
1234 5035 1303 5074 eum
1328 5018 1453 5090 illisqui
1470 5032 1566 5090 supra
1595 5036 1727 5078 arenam
1739 5024 1819 5078 eraut.

996 5089 1102 5144 cadere
1116 5103 1177 5145 non
1186 5089 1435 5171 potuerunt.ldeo
1450 5095 1553 5145 autem
1568 5090 1660 5159 dixit,
1671 5095 1819 5155 tinemut.

996 5159 1278 5285 pulavidensjustus
1287 5160 1452 5231 peccatoris
1461 5161 1633 5229 interitum,
1645 5165 1720 5236 plus
1732 5176 1819 5221 accen

1018 5231 1076 5286 itnr
1088 5232 1119 5287 in
1133 5231 1340 5288 observatione
1354 5236 1592 5303 preceptorum,
1608 5234 1695 5293 sieut
1719 5236 1820 5295 dicitur.

997 5303 1034 5357 Et
1050 5301 1153 5357 latrabit
1168 5319 1263 5359 manus
1286 5301 1314 5357 ia
1332 5303 1466 5373 sanguine
1484 5305 1641 5375 merueris
1662 5308 1754 5391 (Ptol.
1766 5318 1820 5363 arn.

1000 5376 1052 5442 ll).
1068 5374 1105 5429 Et
1117 5379 1244 5444 apertura
1257 5381 1307 5440 est,
1322 5373 1429 5446 inquil,
1445 5381 1498 5429 tem
1517 5372 1578 5430 lura
1593 5376 1649 5432 Dei
1660 5396 1694 5433 aa
1703 5378 1767 5435 creto
1778 5394 1786 5442 ;
1797 5372 1821 5429 id

998 5450 1054 5509 est,
1066 5443 1097 5500 in
1111 5444 1462 5502 Ecclesiaincaruationis
1475 5391 1586 5503 Cssrirti
1595 5451 1747 5521 mysteria
1756 5452 1824 5522 pate

1030 5544 1037 5571 ¹
1052 5542 1206 5615 primasius,
1236 5540 1360 5592 eratbeat.
1446 5604 1452 5617 .

999 5604 1175 5717 malslrpeppp'e.
1191 5618 1208 5655 a
1227 5605 1306 5664 dunt,
1315 5603 1383 5670 quod
1394 5608 1430 5655 eet
1441 5602 1528 5656 atur.-
1540 5606 1822 5673 metamucense·
