3952 6150
67 186 139 243 aiot
653 186 760 245 LIBER
780 188 929 247 PRIMUS.
951 222 984 233 -
1004 190 1197 251 ieeurtbtx.
1705 194 1776 253 aiot

66 312 215 383 tempore,
224 307 505 391 quando'unirersis
517 311 656 382 gentibus
670 318 895 372 sacramentum
949 316 1247 389 uniuspermanente,
1257 313 1560 400 terraretegitur;per
1569 316 1775 379 alteramterra

67 381 184 440 suadis
226 380 896 467 asationisaperirevoluitspiritumsaactum
916 419 921 428 ·
948 392 977 444 et
994 388 1095 445 adbuc
1114 388 1280 445 cessatione
1295 391 1482 445 maceretur:
1506 404 1537 444 iii
1557 405 1619 447 una
1636 393 1773 449 naturale

65 452 105 510 de
120 468 191 510 exce
204 467 238 510 so
252 452 426 524 linguarum
450 455 587 512 omnium
599 458 755 514 scientiam
771 457 895 514 aileran-
948 459 1044 516 scelus
1055 461 1085 516 iii
1097 458 1271 516 bominibus
1285 459 1418 530 punitur,
1428 475 1481 532 per
1495 458 1619 517 alteram
1635 462 1773 519 adinven-

68 530 139 593 tam,
160 524 299 607 eiusdem
312 527 492 607 sacramenti
517 527 727 600 prmordinatis
751 529 895 586 ministris
948 530 1774 656 tiocoucupiscentirecontraconsuetudinemlactavin-

69 600 236 653 transmisit
250 615 257 653 ι
270 611 323 668 qui
350 599 401 653 liei
417 599 568 668 magnalia
585 599 623 655 ad
644 600 717 655 illud
732 616 827 673 usque
842 616 897 673 per
947 602 1079 661 dicatur.
1111 602 1200 658 nista
1219 600 1497 671 reroSodomitana
1512 618 1602 673 poena
1616 601 1657 658 nil
1669 610 1774 661 contra

66 667 304 794 unamliupluam
315 674 494 735 cantaverat,
505 670 629 726 velutad
639 672 893 729 consecrationum
947 677 1087 730 naturam
1102 675 1178 729 lleus
1191 673 1287 728 lacere
1300 673 1439 738 cernitur,
1456 689 1525 728 cum
1538 674 1667 744 desuper
1686 690 1775 732 acreo

66 741 206 797 omnium
231 739 390 809 'agnarum
403 739 432 795 iii
448 740 515 811 ipso
528 757 583 797 suo
617 742 693 799 rimo
701 744 832 799 adventu
841 759 894 816 per
945 743 1772 816 ignitoillospatio,insolitidesideriiardorinllanimatur.

63 810 225 884 Apostolos
236 809 428 882 praedicabat.
445 812 490 867 Sic
500 758 630 869 enimiiii
640 830 718 887 quos
726 814 764 870 de
778 814 894 872 univer·
945 815 1061 874 carui
1081 819 1124 873 lll.
1140 817 1223 872 -lle
1238 831 1321 870 uxore
1335 813 1562 871 Lotliiastatisam
1573 816 1641 871 salis
1656 825 1771 874 mutata.

65 882 265 952 sisgeutibus,
277 881 549 954 velutadbujusrei
561 885 850 957 comprobationem,
861 887 893 943 iii
982 888 1022 943 lle
1044 904 1106 960 qua
1123 892 1314 960 peccatorum
1335 885 1426 959 plaga
1445 886 1518 942 Loth
1536 888 1584 942 llai
1603 903 1704 944 serviis
1720 904 1772 959 par

63 954 230 1011 Jerusalem
242 958 312 1010 tuuc
323 953 466 1034 temporis
476 954 635 1024 collegerat
647 957 891 1025 lieus,dicebanl,
945 958 1076 1029 Angelos
1087 960 1215 1026 eriiitur;
1233 958 1285 1014 sed
1295 956 1374 1014 illius
1390 972 1512 1037 uxorne
1523 962 1600 1014 retro
1614 974 1661 1014 res
1685 959 1774 1016 iceret

65 1025 286 1082 Audivimuscos
302 1024 403 1106 linquis
422 1026 524 1081 uostris
538 1027 823 1101 bamntesmagimlia
842 1029 893 1088 Dei
943 1030 1039 1099 jussa,
1066 1030 1140 1086 dum
1158 1030 1287 1101 respicit,
1311 1030 1340 1085 in
1367 1028 1437 1084 salis
1463 1033 1594 1085 statuam
1628 974 1772 1087 soiidatur

64 1097 141 1170 (Aet.
157 1113 187 1164 ii,
210 1096 298 1168 lli).
322 1096 368 1153 Sic
394 1112 412 1152 a
435 1096 562 1154 ostolica
584 1097 737 1156 humilitas
766 1100 892 1173 Spiritus
944 1101 1103 1173 (Gea.,xix,
1121 1105 1161 1167 lt,
1173 1104 1228 1171 16),
1241 1104 1272 1157 ut
1282 1100 1368 1170 cujus
1385 1101 1464 1155 visus
1480 1115 1540 1157 non
1552 1105 1615 1157 erat
1626 1101 1771 1158 immunis

65 1168 160 1225 saucii
176 1182 300 1224 munera
313 1112 483 1236 colligeiiat
498 1168 581 1240 quod
595 1170 734 1243 superbas
747 1187 892 1244 praesum·
945 1188 982 1229 ex
998 1172 1094 1243 culpae
1109 1171 1270 1238 consortio,
1288 1176 1413 1228 inertem
1436 1170 1567 1241 effugere
1580 1186 1641 1228 ιιοιι
1656 1179 1769 1245 posset,

65 1238 178 1313 ptionis
189 1244 217 1296 et
227 1253 312 1294 vante
323 1238 546 1312 glorimcupido
558 1239 751 1312 disperserat.
762 1243 891 1313 linguas
944 1244 1082 1316 quamvis
1101 1259 1156 1316 pro
1182 1248 1223 1298 ter
1241 1242 1312 1314 justi
1332 1242 1563 1298 contubernium
1579 1247 1663 1300 eruta
1677 1245 1713 1299 sit
1732 1245 1770 1300 de

63 1309 604 1381 autemillisseptuagintaduasessa,
616 1312 737 1384 plurimi
754 1319 893 1371 auctores
945 1314 1092 1371 incendio.
1110 1316 1145 1372 Se
1182 1314 1255 1369 dum
1276 1314 1334 1370 boc
1348 1314 1579 1384 assumpsimus,
1601 1316 1683 1386 quod
1698 1314 1770 1371 nibil

64 1382 266 1448 consentiunt,
280 1381 355 1453 quia
369 1382 400 1437 1ιι
414 1381 644 1440 oedillcalionem
664 1385 753 1442 turris
767 1385 846 1442 illius
861 1386 891 1441 iii
943 1386 974 1442 iii
989 1385 1038 1442 liei
1046 1392 1182 1443 creatura
1193 1390 1296 1441 contra
1304 1388 1442 1440 naturam
1454 1385 1500 1448 sit,
1508 1385 1561 1440 sed
1571 1385 1658 1442 insita
1665 1391 1771 1444 natura

65 1458 146 1511 terra
159 1454 304 1520 Sennaar,
321 1468 389 1524 quie
404 1468 482 1509 nunc
508 1459 553 1510 est
566 1455 712 1528 Babylon,
734 1462 777 1514 lot
790 1464 891 1528 patres
944 1473 1063 1530 semper
1081 1457 1111 1513 in
1135 1456 1274 1513 omnibus
1293 1455 1475 1525 gubernetur
1501 1472 1508 1519 ;
1533 1455 1669 1527 qualiter,
1695 1472 1771 1514 uxor

64 1529 262 1596 congregatos
272 1524 362 1580 luisse
372 1524 484 1581 dicunt.
493 1525 576 1582 liade
584 1532 613 1582 et
624 1526 892 1600 liomiaussaptua·
944 1529 1017 1586 Loth
1027 1545 1097 1585 cum
1110 1528 1140 1584 in
1153 1528 1223 1585 salis
1238 1531 1369 1583 statuam
1386 1526 1515 1593 vertitur,
1529 1526 1655 1583 humani
1667 1542 1770 1596 corpo·

63 1596 231 1669 gintaduos
242 1594 420 1666 discipulos,
431 1597 563 1668 excaptis
573 1597 630 1653 illis
644 1599 791 1671 primariis
803 1602 891 1671 Apos·
944 1601 985 1656 ris
999 1605 1105 1657 natura
1118 1601 1147 1655 iii
1162 1601 1220 1657 bac
1229 1599 1393 1654 mutatione
1409 1598 1618 1669 gubernatur?
1632 1598 1771 1726 8111111ξί-

64 1668 142 1731 tolis,
152 1666 278 1737 elegisse
292 1682 430 1723 sermone
444 1667 734 1737 Evangeliirelertur,
749 1686 801 1742 per
815 1686 892 1743 quos
944 1675 992 1728 tur
1004 1678 1143 1728 naturam
1159 1672 1188 1727 in
1199 1671 1334 1727 humano
1347 1685 1472 1741 corpore
1487 1685 1551 1725 esse
1564 1668 1664 1724 nullus
1676 1685 1725 1725 am
1751 1671 1771 1725 1-

63 1745 173 1809 postea
186 1741 216 1795 in
231 1753 337 1795 omnes
349 1744 452 1809 gentas
468 1740 550 1796 idem
570 1743 764 1812 Evangelium
784 1742 893 1815 praedi·
945 1743 997 1813 git,
1012 1744 1064 1815 qui
1087 1743 1291 1815 lacrymarum
1314 1741 1520 1821 salsitudinem
1538 1741 1769 1821 comprobavit;

63 1814 183 1869 caretur
212 1809 288 1882 (Lac.
311 1825 338 1873 ii,
365 1810 403 1879 li.
432 1814 616 1882 inquorum
650 1813 892 1885 praefiguratione
944 1816 1178 1887 quaeaturbato
1193 1813 1269 1881 lello,
1282 1816 1313 1869 ut
1324 1810 1552 1877 medicidicuat,
1568 1811 1769 1881 egredientes,

62 1883 156 1939 etiam
166 1881 257 1954 lloysi
272 1880 430 1964 spiritusin
446 1884 636 1954 septuaginta
650 1885 893 1942 senioresdistri-
945 1886 1015 1942 salis
1040 1890 1190 1949 naturam,
1212 1900 1305 1957 quam
1326 1884 1356 1939 in
1380 1882 1534 1939 recondito
1562 1887 1677 1938 naturae
1701 1883 1770 1938 sinu

62 1953 166 2010 buitur
180 1969 187 2009 :
201 1956 230 2009 et
250 1952 315 2008 aliis
329 1952 447 2008 duobus
491 1953 521 2010 ui
544 1955 573 2010 in
587 1955 693 2012 castris
706 1957 890 2024 resederant,
943 1957 1126 2028 concipiunt,
1142 1956 1179 2012 de
1189 1955 1284 2012 oculis
1302 1954 1439 2018 fluentes,
1452 1954 1542 2010 etiam
1558 1954 1674 2025 saporis
1688 1968 1769 2009 com·

63 2023 178 2081 lleldad
194 2022 328 2080 videlicet
341 2027 370 2079 el
384 1969 498 2089 dedii,
510 2025 576 2097 ejus
591 2027 710 2099 spiritns
727 2028 891 2100 prophetia
943 2029 1121 2100 probatione
1136 2026 1306 2084 ostendunt.
1327 2028 1361 2083 Et
1382 2041 1442 2082 nori
1456 2025 1554 2107 solum
1568 2025 1599 2080 iii
1616 2024 1768 2096 lacrymis,

62 2095 181 2154 donum
192 2095 380 2151 condonatur
394 2095 490 2166 (Num.
506 2113 542 2161 ιι,
555 2100 599 2163 11,
610 2098 891 2172 6).Quorumquasi
944 2100 1104 2157 sedetiam
1126 2099 1155 2155 iii
1176 2099 1356 2171 phlegmate,
1378 2100 1408 2153 et
1423 2102 1496 2153 tussi
1517 2111 1658 2166 expresso
1679 2100 1769 2167 sputo

62 2166 241 2225 haereditarii
259 2181 458 2234 successores,
479 2168 518 2223 ad
533 2169 728 2226 Ptolomaeum
748 2170 892 2228 Philadel·
944 2172 1072 2244 pectoris
1084 2170 1208 2242 sapitur,
1222 2170 1303 2242 quod
1325 2168 1396 2224 salis
1411 2172 1520 2223 natura
1532 2182 1585 2238 per
1599 2168 1769 2223 humanum

63 2240 161 2313 pbum
176 2238 364 2295 Alexandria
384 2253 484 2310 regem
501 2256 519 2295 a
538 2241 740 2310 pontificibus,
756 2241 891 2299 Eleazaro
943 2257 1054 2314 corpus
1070 2242 1229 2298 inseratur.
1249 2243 1354 2297 Potens
1374 2254 1444 2310 ergo
1459 2253 1558 2294 rerum
1575 2237 1768 2319 gubernator,

60 2309 175 2367 scilicet
189 2313 217 2367 et
237 2309 364 2376 caletis,
378 2312 430 2381 qui
445 2310 552 2394 aodem
573 2317 705 2395 tempore
718 2315 890 2396 ludaeorum
944 2329 1012 2371 cum
1027 2318 1121 2370 lotum
1131 2313 1161 2368 iii
1172 2317 1287 2384 partein
1300 2308 1600 2392 verterecupit,quod
1610 2324 1639 2364 iii
1650 2310 1770 2366 modica

62 2381 891 2528 111111111111111111111111111111111111111
944 2384 1365 2521 tittttttttttltt
1384 2380 1769 2532 it‘ttttt‘ttt.ttt.tt

62 2524 196 2597 antiques
206 2523 890 2604 legisingriecumeloquiumtranstuleruntlla·
944 2526 1049 2592 voluit,
1062 2526 1190 2598 parsilla
1203 2524 1380 2582 tenuissima
1396 2523 1467 2579 salis
1482 2538 1550 2596 qum
1564 2537 1648 2578 carni
1662 2527 1768 2603 inerat,

62 2611 133 2652 rum
151 2594 366 2651 ieroomnium
376 2595 545 2665 linguarum
556 2599 627 2654 novi
636 2599 891 2656 Testamentitem·
944 2603 1040 2655 totum
1054 2614 1164 2669 corpus
1173 2596 1282 2652 iniecit.
1293 2598 1324 2651 li't
1336 2594 1377 2650 ila
1389 2594 1501 2651 lactum
1516 2599 1570 2658 est,
1583 2598 1613 2649 ut
1623 2597 1769 2675 quisaxtp

62 2666 890 2741 pore‚tribuslinguis,hebraicieutiquagroecmetlatiaia
944 2669 993 2726 die
1014 2685 1119 2725 omnes
1139 2676 1261 2725 naturas
1276 2666 1454 2722 constituere
1478 2668 1712 2729 consummavit,
1729 2679 1772 2718 ni-

60 2738 251 2813 principatus
266 2739 463 2795 committitur
475 2758 482 2810 ;
495 2741 567 2812 quia
577 2742 607 2796 iii
619 2741 660 2796 eis
675 2742 772 2797 crucis
785 2741 891 2798 Christi
944 2741 1031 2798 bilex
1047 2739 1148 2813 aliqua
1161 2743 1269 2795 natura
1280 2738 1311 2792 in
1322 2736 1415 2792 aliam
1427 2736 1590 2808 congessit,
1601 2735 1654 2818 sed
1663 2751 1774 2817 unam-

64 2810 170 2867 litulus
181 2808 284 2865 litteris
297 2810 456 2878 hebraicis,
471 2812 575 2880 graecis
595 2816 624 2868 et
640 2813 738 2869 latinis
752 2813 889 2884 scriptus,
944 2827 1097 2894 quamque
1112 2812 1143 2867 iii
1155 2811 1316 2877 semetipsa
1331 2808 1489 2877 gubernat,
1509 2822 1603 2879 quam
1618 2822 1649 2862 ιιι
1674 2820 1775 2878 prima

66 2879 770 2955 Evangelicaanctoritateperbibetiirlloamix,
784 2885 839 2955 10).
857 2886 892 2939 At
945 2883 1116 2941 conditione
1135 2879 1347 2937 constituebat.
1501 2948 1507 2960 .
1596 2946 1601 2956 Ι
1710 2947 1715 2957 ,

66 2968 140 3009 vero
153 2953 231 3008 lleus
242 2953 273 3008 iii
284 2953 341 3008 lioc
356 2958 461 3009 coalia
481 2961 620 3010 naturam
636 2955 761 3011 humani
781 2955 891 3027 eloquii
945 2954 1057 3011 CAPUT
1067 2955 1120 3010 llll.
1135 2983 1169 2995 -
1184 2956 1222 3008 lle
1240 2952 1313 3008 Sara
1332 2964 1523 3020 nonagenaria
1537 2946 1773 3029 parientsfllium.

65 3039 162 3107 quam
173 3022 406 3096 olimdisposuil‚
420 3024 630 3082 nlldiridendo
644 3025 892 3082 elconlundando
983 3024 1299 3094 Eodemleretempore
1310 3021 1436 3076 abraba
1450 3019 1528 3101 illius
1539 3034 1575 3073 ex
1586 3017 1776 3101 multitudine

64 3095 891 3168 linguasbominumetsermoneslecit3quandoeJusrlem
945 3096 1078 3163 gentium
1096 3096 1125 3150 iii
1137 3095 1185 3149 Dei
1202 3092 1367 3149 amicitiam
1383 3091 1479 3154 electi,
1493 3090 1568 3145 Sara
1582 3091 1688 3171 sterilis
1700 3104 1776 3171 uxor

65 3166 194 3239 loquela
211 3167 356 3222 naturaln
369 3167 541 3224 hominibus
557 3174 721 3240 permanet.
737 3169 793 3224 nisi
809 3169 892 3241 quod
944 3168 1052 3233 filium,
1078 3166 1161 3222 isaac
1181 3165 1311 3227 nomine,
1335 3164 1401 3234 jam
1430 3177 1637 3232 nonagenaria
1663 3165 1779 3232 peperit

65 3236 893 3310 consuetudodirersadeviareabalterutrolinguas‚nori
947 3238 1026 3311 (Gen.
1040 3254 1100 3305 ιιι,
1117 3239 1142 3304 1,
1154 3236 1193 3303 i),
1205 3251 1273 3291 cum
1288 3233 1370 3316 illam
1382 3237 1603 3315 usqueaetatem
1619 3247 1672 3303 per
1682 3235 1777 3287 totum

65 3307 893 3377 naturaliter,sedconsuetudinariedocetliilinusnam·
945 3310 1014 3366 vitas
1031 3326 1093 3366 suae
1106 3308 1237 3380 spatium
1257 3305 1364 3362 sterilis
1378 3304 1442 3360 liiii.
1456 3302 1512 3360 Sed
1522 3303 1580 3358 hoc
1596 3301 1684 3384 valde
1705 3317 1776 3383 con·

64 3379 892 3526 atintiiatiitt”trituranturlitii
946 3371 1778 3521 itittrtitaiitintlintinniitii:

390 3495 396 3518 l
1280 3488 1288 3513 5

67 3522 900 3591 Graecisautlatinisedoctus,venustosermonelatur.
956 3539 1017 3597 qua
1051 3524 1192 3580 humanae
1225 3519 1385 3590 voluptatis
1417 3515 1558 3588 cupidine
1593 3519 1776 3597 nasceretur,

68 3597 109 3651 lix
120 3609 182 3666 quo
200 3594 372 3665 intelligitur
385 3596 480 3652 Deum
507 3611 567 3652 non
584 3602 722 3653 naturam
740 3596 899 3653 bominum
954 3594 1084 3667 praetulit
1101 3613 1109 3665 ;
1125 3594 1209 3649 illurn
1224 3607 1286 3649 nou
1300 3595 1386 3673 estate
1404 3604 1466 3660 qua
1484 3587 1580 3643 soleat
1594 3586 1713 3641 leininm
1728 3600 1778 3657 pa·

69 3671 213 3732 mutasse,
231 3679 292 3721 nori
302 3681 413 3722 novum
436 3668 464 3723 iii
472 3668 515 3723 eis
530 3668 641 3739 aliquid
649 3668 830 3732 condidisse,
846 3669 898 3724 sed
953 3682 1029 3733 rere,
1045 3666 1074 3721 111
1089 3670 1143 3730 est,
1158 3680 1177 3721 a
1193 3663 1374 3719 duodecimo
1388 3674 1470 3715 anno
1485 3672 1581 3784 usipus
1595 3656 1635 3712 ad
1645 3658 1778 3728 quadra·

69 3736 311 3793 diuenditantum
324 3737 431 3794 modos
444 3743 473 3795 et
486 3738 634 3795 lormasin
643 3739 768 3795 diversis
786 3740 900 3810 generi·
953 3738 1101 3805 gesimam
1110 3751 1224 3792 nonum
1235 3748 1359 3800 annum,
1374 3731 1428 3787 sed
1440 3730 1517 3812 ultra
1529 3728 1611 3811 ilius·
1620 3731 1778 3784 consuetu·

70 3808 130 3865 biis
143 3806 290 3864 divisisse.
952 3809 1032 3866 dinis
1049 3813 1143 3864 malas
1158 3806 1318 3879 parturiret
1334 3820 1340 3860 :
1364 3808 1396 3858 ut
1414 3801 1525 3859 scilicet
1540 3800 1587 3855 illa
1605 3798 1704 3880 inians
1718 3812 1780 3854 ιιοιι

185 3877 296 3936 CAPUT
315 3882 349 3936 ll.
367 3909 400 3921 -
421 3878 459 3935 De
477 3879 639 3936 Sodomitica
652 3880 784 3938 uindicta.
952 3880 1050 3937 solum
1070 3879 1146 3936 ultra
1168 3874 1453 3951 quinquagesimum
1475 3887 1601 3955 annum,
1623 3869 1779 3926 desinente

105 3950 212 4018 llagno
235 3950 345 4007 deinde
369 3955 512 4023 temporis
539 3952 692 4008 intervallo
716 3955 849 4022 paracio,
866 3952 897 4009 iii
951 3949 1174 4023 partusoliici0,
1190 3948 1243 4004 sed
1259 3948 1351 4004 ellam
1370 3959 1567 4028 nonagesimo
1580 3956 1661 3998 anno
1676 3954 1779 3997 irasce-

70 4020 203 4077 conllnio
219 4022 334 4079 llrabiie
344 4022 546 4079 etPeliestlnre
561 4025 694 4097 quinque
704 4025 808 4094 positas
829 4024 898 4080 civi·
951 4028 1040 4086 retur,
1048 4022 1203 4078 desinente
1215 4017 1375 4089 voluptatis
1387 4016 1547 4073 desiderio.
1560 4017 1591 4072 Et
1607 4014 1663 4069 boc
1673 4027 1780 4086 quam·

67 4095 155 4158 tates,
177 4091 320 4157 Sodoma,
336 4092 492 4160 Gomorra,
516 4095 644 4159 lldama,
660 4095 791 4162 Seboim,
808 4101 835 4151 el
848 4097 896 4153 Se·
949 4082 1779 4165 riscontracoasuetudiiiem‚n0ntameaadversusiialu·

70 4162 897 4233 gor‚lecundissimisolihabitatione,etreruiiiomniiim
950 4153 1779 4235 ramlactumest:quoniameisicontraconsuetudinem

68 4233 259 4292 abundantia
273 4236 470 4307 perfruentes,
483 4238 717 4295 inconvenientis
732 4238 858 4294 luxurias
868 4243 897 4296 et
951 4244 996 4294 est
1013 4241 1045 4293 ut
1059 4236 1155 4308 pariat
1170 4251 1257 4299 anus,
1278 4234 1425 4289 adversus
1442 4236 1542 4286 tamen
1562 4232 1705 4310 naturam·
1716 4239 1779 4306 ιιοιι

67 4304 895 4436 uetiti1.‘ittttiitititu
950 4309 1181 4440 11111111ΓΟ
1194 4304 1325 4432 titt
1338 4306 1481 4443 iiiiii
1495 4294 1779 4440 initiatis

90 4393 97 4432 i
275 4395 348 4434 ium
395 4396 551 4436 raasson
591 4396 667 4446 ;ia
746 4396 754 4436 i
811 4397 833 4435 ri
859 4397 895 4437 ue
1150 4408 1212 4433 .-

66 4447 190 4518 igniset
204 4448 358 4521 sulphuris
373 4396 535 4522 superfusa
549 4456 611 4508 tota
630 4397 708 4509 curriu
717 4397 895 4509 habitatori·
1247 4517 1252 4527 ,
1292 4391 1433 4570 gumpho·
1557 4510 1561 4521 ,

67 4518 127 4576 bus
138 4519 201 4575 suis
213 4525 242 4575 et
257 4522 462 4579 animantibus
472 4529 500 4580 et
516 4523 650 4589 urbibus,
667 4523 748 4595 regio
763 4523 896 4593 flagrans
987 4523 1053 4588 Ouo
1066 4515 1275 4577 nascentelilio
1285 4522 1313 4572 et
1321 4515 1360 4571 ab
1372 4518 1480 4579 astato,
1496 4508 1606 4592 ancilla
1618 4511 1777 4590 ilgarcum

67 4588 274 4659 arderetffiesi.
290 4593 361 4662 ιιι).
374 4594 574 4666 llocnamqiia
584 4595 676 4652 modo
687 4595 895 4664 conveniebat,
950 4592 1012 4649 lilio
1028 4606 1083 4648 suo
1104 4588 1211 4647 lsmael
1232 4588 1282 4659 qui
1301 4588 1382 4658 prior
1405 4584 1550 4665 natusest
1569 4583 1693 4662 ejicitur,
1707 4595 1776 4650 quae

67 4662 169 4734 utqui
181 4664 332 4720 communi
344 4665 442 4721 studio
454 4666 897 4733 lieiimollenderantcommu-
948 4680 1003 4736 per
1016 4662 1165 4719 desertum
1175 4658 1328 4715 deficiente
1342 4672 1434 4730 aqua,
1448 4660 1477 4712 et
1491 4660 1536 4710 siti
1549 4654 1695 4707 moriente
1705 4665 1775 4707 cum

69 4733 117 4788 nis
130 4732 268 4791 vindictae
279 4736 320 4792 im
345 4736 507 4793 etueodem
522 4738 652 4810 perirent
666 4755 672 4793 :
684 4744 712 4795 et
727 4738 778 4810 qui
792 4746 896 4795 contra
951 4750 1044 4808 puero
1063 4733 1176 4789 vadens
1192 4730 1384 4803 lacrymatur.
1413 4727 1470 4784 Sed
1490 4724 1598 4807 angelo
1612 4738 1679 4779 eam
1693 4737 1777 4806 com·

66 4806 316 4888 consuetudinem
324 4751 486 4864 Yiominuiri
498 4809 528 4864 iii
540 4809 634 4880 turpis
645 4810 896 4881 concupiscentiae
949 4806 1079 4887 pellente
1093 4810 1120 4860 et
1131 4803 1259 4886 dicente,
1274 4799 1428 4883 Exaudioit
1440 4799 1570 4855 Dominus
1577 4811 1669 4878 ’mesni'
1682 4810 1775 4876 puers,

68 4880 290 4948 perpetratione
316 4885 500 4947 exarserant,
524 4886 628 4937 contra
649 4886 824 4937 consuetam
844 4880 896 4937 bo·
950 4884 1043 4947 aperti
1055 4881 1126 4932 sunt
1138 4874 1213 4932 oculi
1223 4890 1298 4945 eius,
1315 4877 1342 4931 et
1352 4872 1425 4928 vidit
1440 4876 1562 4953 puteum
1575 4882 1606 4923 ιιι
1617 4865 1776 4922 solitudine

67 4945 186 5003 mitium
194 4953 320 5006 mortem
330 4966 390 5007 non
402 4952 718 5017 terrenarindicla,sed
729 4952 896 5008 coelastlum
949 4949 1026 5022 (Gen.
1041 4965 1102 5015 ιιι,
1119 4947 1209 5019 9-19).
1228 4949 1267 5002 lle
1289 4960 1351 5018 quo
1366 4947 1457 5016 puteo
1472 4946 1511 4997 ita
1525 4938 1661 5000 retertur,
1678 4940 1712 5018 ut
1725 4941 1776 5018 aut

65 5018 185 5087 ignium
200 5019 352 5079 inlusione
367 5022 519 5080 arderent:
531 5024 624 5096 etqui
640 5027 794 5091 peccatum
806 5039 896 5080 suum
950 5026 1021 5078 tuac
1041 5034 1205 5092 erumpens
1226 5017 1289 5090 jain
1313 5021 1421 5072 eterra
1443 5012 1598 5095 prodatur,
1624 5012 1677 5065 aut
1690 5023 1712 5063 si
1735 5006 1777 5062 ibi

66 5104 131 5146 ιιοιι
143 5089 241 5149 solum
254 5092 401 5159 laniendo,
418 5094 472 5150 sed
487 5095 577 5151 etiam
588 5093 781 5168 praedicando
795 5093 896 5164 palam
950 5097 1018 5149 aula
1029 5091 1128 5156 luerit,
1141 5097 1211 5147 tunc
1224 5092 1302 5158 Agar
1314 5086 1404 5152 oculi,
1416 5092 1449 5142 ut
1462 5084 1585 5147 rideret,
1601 5095 1691 5152 quern
1709 5082 1777 5133 ante

66 5160 209 5227 iecerunt,
226 5163 370 5221 infamem
387 5164 479 5222 vitam
494 5165 611 5223 lamosa
625 5182 717 5237 poena
737 5180 893 5222 consume·
949 5165 1137 5233 nonpotarat
1150 5160 1331 5234 aperiantur.
1695 5217 1701 5230 ,

66 5237 146 5288 rent.
158 5233 364 5299 Quaerindicta
374 5236 520 5293 hactenus
531 5238 705 5295 eorumdem
716 5241 824 5294 terrain
834 5250 896 5293 non
950 5234 1064 5292 CAPUT
1075 5232 1143 5289 xlv.
1166 5231 1250 5287 -lle
1267 5232 1354 5287 ariete
1366 5244 1449 5312 'gisem
1460 5223 1601 5281 Amabam
1614 5217 1712 5277 obtulit
1725 5234 1778 5290 pro

65 5302 211 5371 deseruit,
226 5306 300 5363 dum
311 5308 392 5379 quali
409 5324 516 5381 piena,
532 5309 584 5380 qui
600 5309 670 5366 talia
683 5315 776 5382 agunt
795 5307 897 5380 subja·
1329 5299 1397 5381 fillo·
1491 5366 1497 5378 ,
1524 5365 1529 5376 ,

66 5372 189 5441 cebant,
197 5377 335 5434 ostendit.
348 5378 427 5436 later
436 5380 509 5436 istas
526 5396 595 5437 iero
609 5381 686 5437 duas
697 5379 840 5451 primaria
849 5379 896 5436 sia
985 5378 1021 5433 Ut
1030 5379 1132 5456 autem
1142 5373 1300 5456 appareret
1311 5376 1401 5426 ebam
1415 5362 1589 5424 hominibus
1601 5377 1696 5436 quam
1707 5359 1779 5445 lide·

66 5446 896 5519 saculopmnas,diluvilscilicetetsodomitanam,talis
949 5447 986 5504 lis
1010 5447 1041 5503 in
1065 5446 1114 5501 llei
1139 5448 1268 5500 amicitia
1292 5442 1481 5525 parmaneret
1506 5433 1777 5516 Abrabamiilium

65 5516 237 5575 differentia
255 5521 499 5592 deprehenditur,
523 5524 605 5596 quod
627 5539 708 5596 aqua
732 5538 792 5579 una
808 5528 895 5588 terra,
948 5533 1039 5575 suum
1056 5520 1139 5573 lsaac
1151 5531 1221 5572 cum
1235 5520 1311 5570 asset
1321 5527 1386 5583 iam
1401 5508 1532 5591 adultus,
1548 5504 1728 5588 offerresibi
1742 5518 1774 5562 iii

64 5589 75 5646 1
121 5588 254 5647 ialtera
279 5594 384 5665 punita
413 5594 570 5651 videatur:
595 5610 655 5651 una
679 5594 745 5651 omli
766 5609 843 5660 rore,
868 5597 896 5650 et
949 5590 1359 5666 holocaustumsuperunum
1371 5585 1765 5666 montiumquemeimoas

65 5674 88 5717 a
111 5661 176 5733 yssi
191 5661 273 5720 uiida
287 5664 431 5735 diluitnr;
452 5665 544 5724 altera
567 5666 656 5738 igneo
676 5666 783 5735 imbre,
798 5670 826 5725 ei
839 5663 897 5722 sul·
950 5663 1090 5729 traiciat,
1105 5659 1184 5715 Deus
1202 5660 1352 5731 pracepit.
1370 5655 1426 5720 Oui
1444 5650 1600 5719 obediens,
1615 5650 1652 5708 ad
1674 5648 1776 5706 locum

65 5730 177 5809 pharis
190 5733 400 5809 supernitens
418 5737 592 5799 damnatur.
614 5738 681 5799 lliia
698 5738 772 5800 anai
784 5736 897 5798 circum
949 5748 1043 5810 quem
1061 5729 1233 5792 ostenderat
1247 5728 1274 5789 ei
1288 5731 1378 5797 Deus,
1393 5726 1452 5785 cito
1465 5722 1607 5799 perrexit,
1625 5724 1655 5782 et
1673 5733 1777 5794 amup
