3952 6150
53 284 56 291 ’
160 321 240 384 reor
639 309 1150 380 1nreenntssreneamuu,
1173 312 1206 376 s.
1229 312 1443 377 eueosrnu
1843 323 1922 387 1500

156 458 227 517 bum
244 475 341 531 euuur,
353 459 404 516 sed
419 456 539 515 Verbum
553 453 657 523 Petris,
668 470 699 511 se
714 453 799 510 uubis
812 451 890 524 loqui
906 449 1006 517 voluit,
1063 453 1106 506 est
1131 448 1207 507 ileos
1231 466 1327 518 veroa,
1348 457 1377 509 et
1401 453 1482 509 misit
1505 453 1590 512 illum
1618 457 1694 513 usus
1710 475 1717 516 :
1733 459 1811 518 Deus
1838 462 1921 518 misit

156 547 208 620 qui
222 548 352 607 Verbum
379 546 473 605 Patris
489 544 673 620 loquebatur.
689 542 748 601 lloe
771 558 839 615 ergo
862 539 1008 613 quomedo
1063 540 1164 596 Deurn.
1180 538 1196 595 J
1202 556 1276 612 uage
1291 541 1403 612 ambos,
1420 559 1497 601 uuas
1512 544 1601 614 Deus,
1614 547 1688 604 Deus
1704 565 1789 607 verax
1805 553 1917 608 missus

155 638 265 709 decuit,
282 643 311 696 et
332 639 471 711 oportuit,
485 637 558 692 dixit
580 634 707 692 ioannes
723 648 731 692 t
747 631 891 705 quemodo
913 629 1008 704 polui-

156 743 293 799 tnes,aes
304 725 608 802 exposuimuscuiad
617 740 666 781 cer
675 725 805 782 noudum
818 720 944 794 pervenit
953 737 960 776 :
969 718 1008 774 dl·

40 834 43 839 ·
155 833 232 893 gatte
248 817 285 876 de
301 823 383 875 tanto
397 833 427 874 re
443 816 619 885 intellectus,
631 814 718 869 habet
733 829 789 883 quo
801 827 832 868 se
847 812 1005 877 convertat,

155 908 244 965 habel
266 923 324 980 que
350 906 455 981 pulset,
473 905 663 975 hebetaque
682 905 802 975 quaerat,
819 900 905 958 babet
918 917 936 956 a
950 914 1007 970 quo

154 1001 243 1070 petat,
259 996 380 1054 habeta
395 1012 450 1066 quo
465 995 598 1066 accipiet.

189 1089 217 1142 8.
234 1087 288 1155 Qui
302 1086 338 1142 de
353 1085 419 1142 coelo
433 1083 518 1153 verrii,
533 1098 617 1154 supra
632 1096 723 1138 orrrncs
737 1084 775 1137 est
790 1099 799 1135 :
814 1088 841 1136 rt
855 1079 925 1154 qaod
940 1078 1007 1135 otte

153 1181 179 1233 et
193 1174 313 1239 audiuit,
326 1173 375 1230 laec
389 1174 524 1235 testatam
536 1180 562 1229 ct
577 1172 760 1228 testimoniam
783 1170 842 1242 rjus
866 1184 945 1225 rrerrre
960 1185 1007 1225 ac·

152 1264 231 1338 cipit.
244 1264 272 1321 st
285 1260 496 1336 uemo,utquid
507 1260 608 1319 reniti
621 1261 819 1327 Quorumdam
831 1276 897 1331 ergo
911 1275 1005 1318 asmo.

153 1355 203 1411 Est
212 1353 334 1425 quidam
347 1351 472 1426 populus
483 1356 661 1425 preparatus
669 1353 702 1408 ad
715 1351 787 1408 irem
798 1350 1008 1420 Dei,demaea·

152 1446 209 1501 dua
224 1459 290 1500 cum
307 1442 422 1501 diabulo
439 1460 446 1500 :
464 1443 569 1499 herum
586 1457 671 1499 neme
686 1441 788 1513 accipit
803 1440 1005 1498 testimouium

152 1531 363 1591 christiliam
383 1532 406 1587 si
432 1532 552 1588 omuino
576 1547 674 1601 nemo,
688 1530 786 1587 nullus
813 1529 919 1599 bome;
936 1527 1006 1602 quid

152 1623 284 1695 estquod
295 1621 441 1694 sequitur,
453 1623 508 1691 Qui
517 1626 610 1679 autem
618 1622 723 1693 occepit
736 1617 925 1677 testimoniam
934 1618 1005 1691 ries,

151 1715 269 1785 egnavit
284 1715 351 1785 qaia
367 1714 439 1769 liras
461 1728 547 1770 verax
560 1714 625 1768 ist?
638 1713 720 1769 Certe
743 1726 885 1784 ergeuen
909 1724 1005 1782 nemo,

151 1805 177 1860 si
193 1807 223 1860 tu
240 1803 304 1875 ipse
319 1802 402 1870 dieis,
420 1802 471 1870 Qui
485 1803 590 1875 accepit
603 1803 791 1858 testimoniam
804 1801 872 1871 ejus,
884 1799 1006 1872 signarit

151 1896 217 1966 puio
231 1894 302 1950 lteas
316 1909 401 1950 verna
413 1904 462 1948 est.
479 1893 676 1964 Responderet
689 1908 757 1965 erge
780 1892 905 1949 sortasse
918 1889 1005 1946 ioan·

152 1997 204 2039 nes
215 1982 453 2055 interrogasset
473 1980 671 2052 diceretttevt
682 1983 752 2053 quid
772 1979 893 2037 dixerim
898 1993 1004 2049 ,nerra

152 2073 204 2129 Est
217 2071 294 2129 enim
319 2072 437 2145 quidam
453 2071 580 2146 populus
604 2078 690 2128 nutus
709 2071 833 2127 adirem
849 2070 910 2137 liei,
925 2072 954 2125 et
968 2068 1003 2125 ad

153 2161 206 2222 boc
220 2163 424 2236 precognitus.
440 2165 493 2229 Oui
510 2161 569 2219 siut
583 2164 660 2219 enim
679 2160 826 2229 credituri,
842 2164 871 2217 et
884 2160 932 2231 qui
947 2173 1004 2216 oen

41 2314 44 2319 ,
153 2255 212 2312 sint
230 2254 380 2324 credituri,
397 2254 477 2311 novit
497 2255 593 2325 Deus3
609 2253 658 2326 qui
674 2253 733 2310 sint
749 2252 958 2325 perseveraturi
974 2249 1004 2306 iu

151 2361 186 2401 ee
200 2344 278 2416 quod
294 2343 492 2413 crediderunt,
502 2351 530 2400 et
546 2344 596 2416 qui
607 2344 667 2400 aiot
681 2343 803 2414 lapsuri,
815 2342 892 2399 uerit
906 2341 1003 2397 Deus:

152 2438 182 2491 et
192 2432 338 2490 numerati
350 2438 419 2489 suut
429 2432 488 2490 Deo
498 2449 600 2489 omues
611 2431 700 2489 loturi
711 2432 740 2488 in
751 2433 840 2489 ritem
850 2439 1003 2498 eternam

152 2529 179 2579 et
195 2523 274 2581 uerit
295 2523 356 2594 jam
373 2521 455 2578 illum
479 2521 620 2595 populum
644 2520 827 2579 distinctum.
845 2520 878 2577 dt
893 2519 918 2578 si
943 2519 1006 2592 ipse

154 2612 243 2681 nevit,
259 2616 288 2669 et
312 2611 466 2684 Prophetis
480 2612 560 2670 dedit
575 2628 659 2669 nesse
674 2627 725 2685 per
748 2610 889 2683 Spiritum
905 2623 1002 2678 suum,

153 2702 234 2758 dedit
247 2705 275 2758 et
288 2701 402 2758 loanni.
419 2701 594 2758 Atteodcbat
610 2717 678 2774 ergo
691 2701 830 2766 ioannes,
847 2715 904 2756 non
920 2697 1004 2755 oculo

153 2806 208 2847 suo
223 2808 231 2859 ;
248 2805 316 2846 uam
332 2797 473 2860 quantum
489 2789 525 2847 ad
541 2791 637 2863 ipsum
662 2790 796 2863 pertinet,
812 2794 888 2845 terre
907 2796 961 2857 eet,
976 2777 1006 2843 et

155 2877 282 2934 deterre
302 2876 431 2949 loquitur
448 2894 456 2934 s
471 2877 522 2934 sed
545 2878 575 2933 in
591 2894 625 2935 ee
648 2878 741 2950 gretie
762 2875 899 2950 Spiritus,
915 2890 1005 2948 quam

155 2969 266 3044 accepit
280 2987 296 3026 a
310 2969 379 3037 Dee,
395 2971 466 3028 vidit
480 2973 636 3045 quemdam
654 2971 794 3044 populum
810 2968 943 3042 impium,
958 2967 1006 3022 in-

154 3061 291 3131 lldelem;
307 3064 460 3119 attendens
475 3062 559 3121 illum
575 3063 605 3120 ia
620 3061 790 3119 infidelitate
806 3077 870 3129 sua,
885 3059 937 3126 ait,
956 3058 1003 3113 Te-

1062 630 1161 686 aDee.
1178 629 1218 685 lie
1237 631 1362 702 singulis
1386 631 1543 707 interroga,
1560 634 1636 694 Deus
1652 653 1660 694 r
1676 643 1706 695 et
1722 640 1758 696 de
1781 640 1917 699 emlielus

1061 717 1219 791 interroga,
1234 719 1322 775 Deus.
1338 719 1400 778 Noa
1411 723 1519 795 singuli
1535 724 1611 782 Deus
1626 728 1634 763 ¹
1651 733 1680 783 et
1694 730 1780 788 ambe
1796 731 1847 799 dii,
1864 732 1915 789 sed

1060 809 1195 881 singulus
1210 810 1336 884 quisque
1360 811 1439 870 Deus
1459 818 1594 873 elumbe
1619 819 1705 877 Deus.
1725 822 1817 879 Teuta
1835 824 1916 882 enim

1061 899 1101 956 ibi
1123 900 1310 957 estchsritas
1333 901 1457 973 Spiritus
1480 907 1585 976 sancti,
1601 912 1682 964 tanta
1701 927 1755 981 pax
1780 912 1917 984 unitatis,

1062 992 1093 1044 ut
1107 989 1143 1045 de
1167 989 1292 1063 siugulis
1308 1007 1375 1048 cum
1399 994 1601 1068 interrogetur,
1620 999 1693 1055 licus
1716 1000 1770 1056 tibi
1791 1018 1918 1076 respon-

1062 1080 1185 1148 deatur;
1201 1080 1236 1135 de
1251 1081 1390 1137 Trinitute
1405 1099 1472 1138 cum
1488 1084 1691 1157 interrogatur,
1711 1088 1785 1145 lieus
1800 1091 1853 1148 tibi
1866 1109 1915 1148 re-

1061 1168 1248 1238 spondeatur.
1261 1168 1290 1223 Si
1303 1168 1380 1225 enim
1393 1172 1513 1242 spiritus
1529 1171 1656 1231 hominis
1667 1179 1782 1246 quando
1793 1176 1916 1236 iuberet

1061 1257 1120 1313 ileo
1135 1272 1212 1313 uuus
1235 1256 1355 1330 spiritus
1368 1263 1425 1328 est,
1440 1266 1538 1332 aperte
1560 1263 1697 1335 apostolo
1722 1265 1845 1338 dicente,
1862 1269 1917 1339 Qui

1060 1342 1180 1403 adterat
1190 1346 1395 1416 Dominarum
1404 1351 1563 1421 spiritumet
1574 1353 1597 1423 (l
1609 1354 1787 1428 der.v1,li);
1803 1361 1916 1430 quanto

1061 1433 1154 1508 magis
1169 1434 1259 1492 Filius
1275 1438 1398 1508 equalis
1411 1439 1564 1499 adhaereas
1581 1442 1660 1500 Patri
1676 1445 1766 1503 simul
1781 1464 1848 1504 cum
1863 1447 1914 1505 illo

1061 1538 1137 1581 unus
1152 1524 1226 1581 Deua
1241 1526 1310 1583 est?
1324 1527 1428 1584 Audite
1443 1529 1566 1588 alterum
1586 1533 1799 1592 testimonium.
1816 1538 1915 1595 Nostis

1060 1634 1150 1691 qaam
1167 1617 1251 1676 multi
1275 1621 1470 1689 erediderunt,
1486 1625 1601 1694 quaudo
1625 1625 1726 1684 omnia
1746 1643 1811 1699 quae
1827 1627 1916 1686 habe·

1061 1707 1141 1779 bent,
1157 1711 1191 1767 ad
1217 1712 1303 1784 pedes
1328 1714 1534 1784 Apostolorum
1558 1715 1677 1772 vendita
1700 1726 1868 1790 pesuerunt,
1883 1724 1915 1776 ιιι

1060 1797 1284 1856 distribueretur
1309 1799 1468 1873 uuicuique
1481 1801 1558 1859 sicut
1579 1820 1653 1877 epus
1668 1811 1730 1862 erat
1747 1822 1754 1863 ι
1770 1812 1799 1864 et
1813 1807 1848 1863 de
1864 1807 1915 1864 illa

1059 1888 1283 1962 congregatione
1298 1895 1464 1948 sauctorum
1489 1893 1559 1964 quid
1575 1894 1645 1951 dicit
1658 1895 1832 1968 Scriptura?
1847 1899 1914 1954 lirul

1057 1977 1120 2034 illis
1139 1980 1233 2036 anime
1255 1997 1311 2037 arra
1325 1985 1351 2036 et
1373 1997 1520 2038 ceratitim
1536 1982 1566 2038 in
1589 1986 1703 2041 Domine
1717 1986 1786 2056 (Aet.
1802 2003 1842 2054 rr,
1857 1987 1913 2057 32).

1059 2067 1090 2124 Si
1104 2067 1232 2125 charitas
1256 2069 1292 2125 de
1306 2074 1349 2126 tol
1365 2072 1472 2127 animis
1497 2072 1561 2128 iecit
1575 2073 1705 2130 animam
1722 2091 1818 2145 uuam,
1834 2081 1864 2132 et
1879 2075 1915 2130 de

1059 2161 1104 2213 tot
1117 2159 1256 2215 cordibus
1277 2160 1345 2216 lecit
1359 2176 1409 2216 cor
1423 2177 1527 2228 unum,
1542 2167 1652 2235 quauta
1667 2168 1710 2221 eat
1724 2165 1850 2222 ebaritas
1866 2166 1913 2223 in·

1058 2249 1101 2303 ter
1116 2247 1230 2304 Patrem
1242 2256 1270 2305 ct
1281 2248 1410 2306 Filium?
1426 2250 1515 2321 llleJ'or
1528 2254 1630 2325 utique
1641 2258 1732 2327 petest
1746 2270 1913 2326 essequam

1059 2335 1216 2392 interillos
1240 2337 1374 2394 honrioes
1394 2339 1501 2409 qulbus
1525 2353 1585 2397 erut
1609 2358 1658 2398 eor
1683 2358 1783 2399 uuum.
1798 2343 1827 2398 Si
1842 2359 1913 2415 ergo

1061 2425 1218 2482 multorum
1237 2428 1357 2483 fratrum
1374 2445 1424 2484 cor
1440 2446 1531 2485 uuum
1552 2437 1669 2504 propter
1683 2433 1868 2505 charitalem,
1884 2437 1914 2489 et

1060 2515 1216 2572 multorum
1243 2517 1363 2575 irotrum
1382 2519 1481 2576 anima
1502 2537 1558 2577 uua
1581 2528 1699 2594 propter
1721 2523 1914 2590 charitatem

1059 2602 1136 2661 Deus
1153 2605 1236 2662 Pater
1245 2611 1272 2662 ct
1283 2607 1358 2663 Deus
1369 2606 1469 2679 Filius,
1482 2610 1611 2667 dicturus
1628 2629 1657 2667 cr
1669 2613 1739 2684 quia
1748 2613 1806 2670 duo
1822 2613 1917 2672 sunt?

1060 2695 1089 2752 st
1106 2696 1164 2752 due
1175 2696 1214 2752 dii
1231 2700 1311 2765 sant,
1323 2715 1381 2754 non
1396 2704 1439 2755 est
1451 2700 1489 2755 ibi
1505 2717 1622 2757 summa
1638 2702 1775 2760 alteritas.
1788 2704 1817 2761 Si
1832 2705 1912 2760 euim

1060 2785 1107 2841 bia
1124 2791 1201 2841 tauta
1216 2786 1343 2843 charitas
1367 2794 1421 2859 est,
1439 2795 1470 2845 ut
1485 2790 1613 2848 unimam
1639 2797 1764 2848 tetemet
1784 2792 1913 2850 enimam

1059 2874 1146 2931 amici
1158 2876 1198 2931 tui
1215 2893 1300 2932 unam
1313 2875 1441 2934 animam
1460 2880 1562 2948 laciat;
1581 2883 1727 2953 quomodo
1738 2883 1779 2938 ibi
1795 2899 1853 2939 nen
1870 2889 1918 2940 esi

1060 2980 1136 3021 unus
1152 2964 1228 3021 Deus
1240 2966 1321 3022 Pater
1336 2975 1362 3022 et
1379 2967 1491 3024 Filius?
1504 2970 1588 3025 Absit
1600 2976 1631 3026 ut
1646 2971 1700 3027 hoc
1715 2972 1824 3028 sentiat
1840 2973 1914 3029 tides

1060 3069 1117 3109 uon
1143 3053 1217 3109 fieta.
1240 3055 1361 3110 Prorsus
1386 3060 1528 3126 qnantum
1555 3058 1674 3115 excellat
1697 3059 1827 3117 ebaritas
1852 3058 1912 3128 illa,

151 3152 311 3209 stimonium
320 3152 380 3224 ejus
394 3155 443 3224 qui
453 3153 525 3210 usai
535 3155 569 3209 de
578 3154 654 3222 cate,
666 3167 742 3209 treme
752 3150 862 3223 accipit.
874 3151 1003 3215 Quorum
1058 3144 1127 3201 hine
1142 3144 1301 3217 intelligite.
1320 3145 1416 3201 llultoe
1432 3148 1536 3203 aalma
1552 3154 1622 3206 suut
1642 3150 1801 3208 multorum
1817 3152 1913 3208 hami·

150 3240 260 3299 nemo?
275 3242 380 3299 ilerum
397 3243 448 3314 qui
473 3245 509 3299 ad
525 3244 675 3300 sinistram
702 3241 791 3297 laturi
808 3243 885 3309 suot,
902 3252 1002 3293 eorum
1059 3250 1140 3303 nuni,
1157 3239 1184 3289 et
1199 3235 1222 3319 si
1240 3251 1270 3291 se
1286 3235 1423 3307 diligunt,
1441 3253 1499 3292 una
1523 3238 1622 3295 aalma
1637 3244 1700 3309 est,
1716 3240 1768 3297 sed
1789 3247 1913 3312 pessunt

150 3329 259 3404 quibus
269 3330 393 3400 dicetur,
405 3333 442 3389 lte
457 3333 487 3389 ia
502 3332 593 3405 lenem
607 3339 753 3392 aeternam.
763 3331 812 3402 qai
824 3333 1003 3401 praepararas
1058 3322 1115 3379 dici
1130 3326 1159 3379 et
1170 3323 1265 3379 multa
1280 3324 1396 3393 animae,
1408 3332 1532 3397 possunt
1542 3329 1570 3383 in
1582 3327 1762 3400 hominibus,
1774 3330 1845 3402 quie
1856 3346 1914 3387 uon

52 3482 56 3487 ,
150 3422 189 3475 est
214 3417 324 3476 diabole
339 3427 366 3476 et
390 3421 496 3493 angelis
516 3421 584 3492 ejas.
601 3419 654 3487 Qui
677 3435 744 3489 ergo
768 3412 939 3487 accipiunt?
957 3413 1001 3469 llli
1058 3418 1104 3470 eet
1118 3417 1201 3470 lanta
1225 3415 1393 3486 conjunctio
1410 3431 1417 3471 ε
1435 3416 1474 3472 ibi
1497 3427 1603 3490 autem,
1622 3436 1714 3476 unum
1738 3424 1829 3477 lleum
1846 3421 1913 3478 lieet

152 3508 204 3583 qai
217 3511 253 3568 ed
272 3509 418 3567 dexteram
431 3511 520 3567 lutari
545 3508 677 3578 suut,illi
697 3507 805 3580 quibus
824 3505 945 3575 dicetur,
960 3506 1004 3563 Ve-
1058 3503 1157 3572 dicaa;
1175 3502 1249 3560 duee
1265 3510 1316 3560 aul
1333 3511 1389 3562 tres
1414 3506 1482 3562 deos
1499 3523 1556 3563 non
1573 3507 1641 3565 licot
1663 3509 1752 3566 dicas.
1769 3509 1843 3566 Hinc
1858 3509 1912 3566 tibi

150 3599 221 3668 reite,
237 3598 369 3656 benedimi
382 3601 475 3656 Patris
489 3601 552 3668 mci,
563 3599 695 3671 percipite
709 3612 829 3671 regnam
845 3593 916 3668 qued
929 3594 1003 3651 vebis
1057 3594 1279 3650 commendatur
1289 3595 1537 3667 supereminentia
1548 3605 1574 3654 et
1590 3598 1744 3655 summitas
1760 3599 1913 3656 charitatis

149 3697 278 3747 caretum
302 3694 340 3746 est
364 3688 398 3746 ob
422 3687 528 3762 origam
548 3687 646 3744 arandi
673 3685 778 3760 (baetti.
796 3701 862 3757 xxv,
880 3685 925 3756 tt,
944 3684 1001 3757 3l).
1057 3685 1145 3750 teoto,
1164 3687 1195 3740 ut
1211 3684 1302 3754 maior
1317 3700 1382 3741 esse
1399 3701 1456 3741 aon
1472 3686 1573 3757 possit.

148 3779 279 3835 Attendit
293 3794 360 3851 ergo
377 3778 406 3834 in
417 3779 522 3849 spiritu
540 3777 726 3845 divisionem,
739 3777 768 3831 in
784 3791 889 3848 genere
904 3784 1001 3832 autern
1093 3771 1137 3828 10.
1154 3772 1239 3840 Quem
1255 3775 1328 3830 enim
1343 3775 1419 3829 misit
1444 3775 1619 3844 Sermaceles
1636 3777 1683 3834 liei
1707 3777 1840 3851 leqeritur.
1857 3778 1917 3835 iloc

147 3864 276 3923 humano
290 3866 546 3935 commixtionem
563 3867 676 3939 etquod
689 3866 818 3923 nondum
834 3862 906 3922 locis
920 3879 1004 3936 supa·
1057 3862 1158 3933 utique
1174 3862 1208 3918 da
1224 3862 1337 3920 Christo
1354 3864 1481 3932 dicebat,
1499 3870 1531 3922 ut
1545 3882 1576 3922 se
1591 3868 1628 3924 eb
1643 3866 1692 3924 illo
1707 3868 1916 3940 distingueret.

149 3957 246 4010 ratum
261 3958 316 4021 est,
328 3955 473 4027 separavit
487 3954 646 4021 intellectu,
657 3953 800 4027 separarit
814 3953 909 4010 cordis
920 3968 1003 4026 aspe-
1057 3951 1132 4016 Ouid
1147 3953 1249 4011 eaim‘l
1263 3953 1358 4026 ipsum
1384 3956 1522 4013 ioannem
1546 3974 1642 4014 nonne
1657 3963 1733 4015 Deus
1753 3958 1856 4017 misit?
1871 3960 1916 4015 Aa

148 4045 216 4111 etti,
233 4046 263 4098 et
276 4041 349 4098 vidit
364 4044 436 4099 duoa
463 4043 595 4115 papulus,
612 4043 741 4100 fidelium
762 4048 791 4099 et
812 4042 999 4099 infidelium:
1058 4058 1116 4098 nou
1133 4043 1194 4115 ipse
1219 4043 1301 4113 dixit,
1318 4045 1412 4102 llisses
1430 4062 1491 4102 sera
1517 4051 1582 4105 aitte
1605 4064 1669 4104 cern
1688 4049 1779 4121 (icari.
1797 4066 1842 4117 ιιι,
1857 4051 1917 4123 28),

147 4129 271 4187 attendit
296 4129 441 4196 iutldeles,
465 4135 494 4187 et
517 4129 567 4199 ait,
593 4131 645 4199 Qui
667 4133 701 4187 de
721 4131 786 4187 coele
810 4132 893 4199 uenit,
918 4145 1004 4205 repra
1057 4134 1096 4200 el,
1113 4132 1169 4202 Qui
1191 4150 1233 4190 rae
1248 4135 1324 4191 misit
1349 4136 1536 4208 baptizareris
1556 4154 1628 4209 epau
1647 4138 1798 4212 (tanae)
1815 4141 1917 4197 :etde

148 4234 242 4277 emam
256 4224 294 4276 est
310 4238 320 4277 .·
335 4223 362 4277 et
384 4219 456 4293 qued
479 4220 550 4279 vidit
563 4228 590 4277 et
609 4221 731 4289 audiuit,
742 4219 791 4277 bec
805 4226 922 4277 testatur
934 4223 964 4286 ¹;
978 4225 1004 4277 et
1058 4219 1108 4278 illo
1124 4221 1236 4280 dietum
1251 4229 1307 4293 est,
1324 4225 1389 4281 Ecce
1404 4228 1483 4283 mitte
1503 4228 1633 4300 arrectam
1648 4245 1740 4286 meam
1759 4234 1828 4287 ante
1841 4240 1882 4300 tr,
1892 4233 1918 4287 st

147 4310 339 4369 testimoniam
352 4313 411 4385 ejus
424 4327 504 4369 aerae
526 4313 638 4385 occipit.
657 4310 764 4368 Deinde
779 4311 928 4368 transtulit
941 4327 972 4368 se
987 4329 1004 4368 a
1057 4313 1229 4385 praeparabit
1240 4316 1311 4370 uinta
1321 4318 1421 4371 laam?
1436 4316 1536 4373 Nonae
1547 4321 1576 4374 et
1591 4318 1650 4390 ipse
1661 4319 1749 4376 verbe
1758 4318 1811 4376 Dei
1823 4319 1917 4393 loqui·

148 4400 284 4474 sinistra,
299 4406 329 4460 et
343 4401 456 4476 aspexit
470 4402 506 4459 ad
530 4402 690 4473 dexteram,
706 4407 735 4460 et
749 4406 869 4460 seculus
883 4403 934 4472 ait,
951 4401 1005 4471 Qui
1058 4406 1117 4473 tur,
1129 4403 1164 4460 de
1179 4403 1334 4475 quostiam
1348 4404 1459 4462 dictum
1473 4410 1518 4463 est
1532 4408 1609 4479 qued
1626 4409 1664 4464 sit
1678 4408 1808 4481 amplius
1827 4425 1918 4482 quam

148 4496 254 4567 accepit
269 4495 457 4552 testimoniam
469 4494 540 4565 ejas,
555 4495 673 4566 signauit
692 4495 758 4566 pata
774 4495 842 4551 lieris
856 4509 940 4550 ueros
954 4495 1003 4550 cst.
1059 4491 1199 4563 propheta
1222 4494 1348 4566 (linteoli.
1373 4512 1417 4565 ιιι,
1436 4498 1446 4549 -ι
1463 4513 1470 4564 ;
1485 4496 1579 4553 Metti.
1599 4514 1637 4564 xi,
1665 4499 1707 4566 lli,
1721 4497 1775 4572 til?
1793 4499 1823 4554 Si
1847 4516 1918 4565 erge

149 4582 223 4650 Quid
247 4590 300 4654 eet,
319 4583 440 4656 signauit
462 4582 529 4658 quie
552 4584 620 4642 eea
644 4599 729 4641 uerita
750 4587 800 4652 est,
825 4582 893 4653 uisi,
918 4581 1004 4640 horne
1058 4580 1194 4654 elipeum
1207 4583 1282 4640 Deus
1295 4585 1383 4652 misit,
1396 4587 1748 4662 etverbalieilequilur3
1765 4591 1915 4662 quemodo

151 4672 275 4729 mendax
289 4681 343 4746 est,
353 4677 383 4732 et
397 4673 567 4732 Deueuerax
582 4674 650 4732 esti
664 4672 737 4740 Quia
752 4689 837 4731 tremo
851 4673 1004 4730 bominum
1059 4673 1094 4728 ad
1111 4673 1341 4743 distinctionem,
1359 4676 1394 4733 de
1407 4677 1520 4734 cbristo
1535 4693 1602 4735 eum
1619 4678 1726 4736 dixisse
1741 4681 1915 4753 accipimus,

151 4764 244 4832 polest
265 4761 360 4819 dicere
384 4763 462 4834 quod
486 4765 615 4821 veritatis
631 4770 682 4833 est,
698 4763 756 4819 nisi
772 4762 955 4821 illuminetur
967 4763 1003 4820 ab
1059 4762 1144 4832 Quem
1166 4765 1241 4821 enim
1255 4764 1331 4821 misit
1354 4767 1437 4834 Deus,
1452 4767 1533 4823 verba
1547 4770 1596 4824 liei
1609 4769 1758 4840 teostitae?
1780 4770 1836 4826 Sed
1852 4771 1918 4826 ride

150 4865 185 4907 eo
201 4848 252 4922 qui
269 4850 383 4908 mentiri
401 4868 458 4909 uon
476 4852 1004 4924 potest.Deusergoverax,Gl1ristus
1060 4851 1128 4924 qaid
1142 4853 1189 4926 adj
1195 4862 1281 4927 ungat
1299 4871 1306 4908 ε
1323 4855 1381 4911 Noa
1396 4858 1469 4912 euim
1484 4856 1519 4912 ad
1534 4874 1692 4914 meritarum
1708 4859 1756 4915 dot
1772 4859 1842 4916 Deae
1858 4860 1917 4931 Spi-

152 4944 251 4999 aatem
267 4941 353 4998 Deus.
371 4940 418 4999 llis
434 4940 580 5013 probaret
594 4941 698 5014 Accipe
713 4943 912 4999 testimonium
929 4945 1002 5016 ejus,
1059 4943 1156 4998 ritum.
1173 4944 1246 5009 Quid
1260 4948 1306 5000 est
1320 4943 1384 5013 hoe,
1396 4950 1457 5004 tlon
1473 4948 1547 5002 enim
1562 4949 1600 5004 od
1615 4964 1774 5004 mensuram
1784 4948 1831 5006 dat
1845 4949 1916 5006 bees

153 5036 182 5090 ct
195 5032 310 5090 invenis
323 5048 329 5090 ι
344 5033 479 5102 Quierrim
493 5034 789 5106 occepittestimoaiam
803 5034 872 5106 ejas,
883 5033 1005 5105 signarit
1059 5033 1217 5106 Spiritum?
1230 5034 1399 5092 invenimus
1423 5036 1492 5108 quie
1512 5039 1548 5095 ad
1574 5055 1742 5096 mensuram
1763 5040 1814 5096 dut
1838 5039 1918 5097 Deus

151 5119 219 5194 quia
236 5121 304 5178 licus
318 5136 404 5178 ueros
424 5127 473 5177 est.
488 5119 581 5187 Quis?
596 5120 660 5193 lpse
676 5120 726 5191 qui
750 5121 786 5176 do
800 5121 872 5178 caelo
887 5122 1004 5179 renitet
1059 5121 1210 5195 Spiritum.
1227 5124 1303 5180 Audi
1316 5125 1486 5197 apostolum
1503 5127 1660 5198 dicentem,
1672 5128 1829 5186 Secundam
1844 5146 1919 5188 mea·

152 5227 243 5285 supra
254 5212 504 5281 emnescst,lieus
515 5218 662 5268 veruest.
675 5209 729 5267 Sed
741 5210 765 5267 si
777 5212 906 5268 neudum
920 5211 1002 5268 illum
1058 5229 1154 5269 serrum
1178 5213 1338 5271 donationis
1363 5213 1471 5273 Christi
1495 5218 1606 5291 (dplres.
1623 5234 1661 5286 tr,
1677 5220 1715 5291 i).
1737 5219 1918 5276 Hominibus

151 5301 291 5374 intelligis
303 5304 405 5371 Deum,
418 5303 548 5360 neudum
561 5298 909 5373 accepietitestimoaiurn
921 5303 1002 5373 ejus:
1059 5301 1096 5357 ad
1112 5317 1259 5360 masuram
1275 5303 1334 5376 dat,
1350 5305 1436 5362 unico
1452 5305 1524 5363 Filio
1541 5323 1597 5365 uon
1615 5308 1665 5364 dat
1680 5309 1715 5363 ad
1732 5324 1917 5366 mensuram.

154 5389 261 5462 accipe,
276 5396 304 5448 el
319 5393 430 5466 signas,
447 5399 656 5467 praesumenter
670 5389 820 5464 intelligis,
836 5390 1005 5449 delinieuter
1059 5395 1206 5459 Quomodo
1218 5393 1385 5454 haminibus
1396 5397 1432 5454 ad
1444 5397 1632 5456 mensuram?
1643 5398 1700 5455 Alii
1708 5400 1819 5472 paidom
1831 5401 1920 5457 datur

156 5479 291 5550 agnoscis
306 5482 373 5552 quie
388 5481 465 5541 Deus
479 5499 563 5540 rerer
578 5485 632 5540 cet.
1057 5484 1254 5557 perspiritum
1276 5501 1365 5544 serrae
1379 5490 1541 5561 sapientire:
1555 5488 1609 5546 atii
1623 5504 1714 5546 sermo
1736 5491 1861 5547 scientiae
1872 5504 1919 5547 sc·

192 5566 220 5622 9.
235 5565 318 5634 esem
341 5572 415 5626 caim
432 5573 507 5629 misit
531 5574 611 5641 Deus,
625 5570 705 5630 serbo
720 5572 769 5629 liri
792 5571 925 5645 loquitar.
943 5572 1005 5646 lpse
1058 5574 1178 5632 candum
1190 5575 1316 5633 sasallera
1332 5577 1485 5650 spirillum:
1500 5581 1551 5637 olii
1564 5579 1629 5651 fides
1640 5580 1669 5636 ia
1682 5581 1780 5639 euclem
1794 5581 1917 5655 Spiritu,

189 5665 199 5707 t
215 5665 290 5723 ιιιι..
302 5663 436 5730 ιοᾳιιιιιιιι
451 5673 478 5721 et
491 5673 560 5734 post,
575 5670 645 5732 loco,
660 5671 806 5736 transtulit,
818 5671 927 5734 tabent,
939 5671 1006 5727 tulit.
1092 5678 1100 5711 ¹
1115 5674 1160 5726 Sia
1174 5690 1268 5729 omnes
1282 5680 1343 5731 blas.
1361 5681 1395 5730 et
1411 5679 1475 5732 editi
1488 5694 1494 5728 t
1509 5680 1564 5731 Nea
1580 5679 1683 5743 cinerati
1697 5680 1747 5731 dii.
