3952 6150
10 5782 28 5911 l

67 227 151 291 1193

68 364 226 437 negaverat
239 360 334 417 mam
348 378 355 429 ;
371 359 422 417 sed
434 362 622 419 aanomniao
636 364 727 421 tacuit
741 369 851 422 Deam:
869 366 926 422 ier·

66 450 245 509 tassieenim
254 449 421 507 invenimus
433 449 485 508 boo
495 450 526 507 ia
537 451 679 510 hodierna
690 453 823 512 lectione.
838 456 925 511 Dixe-

69 546 114 600 rat
127 541 238 599 Filiam
250 540 300 596 liei
312 555 319 595 ι
331 539 382 596 ead
391 539 462 597 dicti
472 544 543 597 saut
552 546 582 598 et
593 541 728 601 beminen
738 544 790 601 iiiii
809 544 867 602 liei.
877 544 925 601 lii·

67 635 149 690 xerat
171 634 261 688 tanin
284 628 463 687 excellentie
486 629 569 687 illam
596 632 697 704 luisse,
717 638 749 691 at
769 650 826 692 aon
850 637 926 693 esset

66 724 130 797 ipse
144 721 257 795 dignas
268 719 423 793 corrigiam
435 719 621 779 calceamenti
633 723 697 795 ejas
709 723 821 781 solvere
836 726 924 795 ileon.

65 829 85 883 r,
97 814 125 883 1,
134 811 183 883 31,
192 812 253 884 27).
265 811 330 868 lam
342 808 510 882 magnitudo
522 810 580 869 ieta
589 813 715 870 maltam
726 814 776 870 dot
790 813 924 886 intelligi,

66 902 408 977 cujasneneratdignus
425 901 581 974 corrigiam
598 902 785 961 calceamenti
803 904 925 971 solvere,

64 994 115 1052 ille
130 1009 193 1066 «pao
210 1007 296 1050 nemo
320 995 487 1049 surrexerat
500 994 594 1065 major
609 992 639 1050 ia
655 993 732 1051 natis
755 993 923 1051 mulierum.

66 1086 141 1142 Piae
156 1085 238 1141 enim
253 1086 316 1140 erat
329 1081 468 1139 omnibus
483 1083 653 1141 homiuibus
667 1088 696 1142 et
705 1085 835 1158 Angelis.
851 1084 924 1141 Nam

66 1174 210 1249 angelum
220 1172 587 1245 invenimusprabibuiese,
595 1186 631 1231 ae
643 1173 729 1231 bomo
739 1174 779 1232 iili
791 1175 828 1232 ad
839 1175 926 1248 pedes

67 1265 200 1325 caderet.
214 1264 287 1321 Cam
306 1261 386 1320 enim
406 1264 539 1335 eamdam
560 1263 590 1319 in
606 1265 780 1337 Apocalypsi
798 1266 927 1337 Angeias

67 1355 241 1414 ostenderet
255 1352 370 1423 Joaaai,
381 1353 432 1425 qai
450 1352 569 1425 scripsit
578 1352 633 1410 hoc
644 1354 844 1428 livaageiiam,
862 1371 929 1411 con·

67 1441 927 1515 territasrnaguitadiuevisionisieuaaesceciditudpedce

68 1532 185 1605 Angeli.
202 1532 238 1588 Et
253 1529 320 1588 ilie:
336 1530 433 1603 Surge,
454 1532 515 1587 uide
529 1547 564 1588 ne
576 1532 674 1603 leceris
695 1532 764 1597 laec:
779 1534 863 1591 marn
877 1532 927 1588 ed·

69 1626 133 1679 ero¹
149 1640 216 1678 num
238 1636 288 1691 cpe
309 1636 455 1677 cerasorum
477 1625 541 1677 teas
556 1637 618 1678 vam
636 1626 661 1678 ei
675 1623 796 1693 scutram
820 1627 928 1679 tuerent

70 1713 165 1783 (Apoe.
179 1727 252 1779 xxrr,
268 1711 296 1777 8,
311 1711 350 1784 9).
366 1710 475 1767 Cadere
497 1726 566 1783 orgo
591 1710 647 1768 eibi
662 1711 698 1769 ad
715 1712 803 1783 pedes
829 1710 928 1767 homi·

71 1818 143 1860 nem
156 1801 279 1874 angelus
294 1800 454 1875 probibuit.
478 1800 579 1857 Nouae
597 1801 786 1858 manifestam
800 1806 845 1859 est
860 1801 930 1874 qaia

70 1908 163 1964 saper
177 1906 278 1949 omnen
292 1890 419 1963 Angelos
434 1898 487 1957 est,
503 1890 551 1947 cai
566 1890 634 1948 talis
649 1892 747 1956 homo,
764 1906 820 1963 qao
836 1894 930 1963 majnr

71 1999 161 2041 neme
176 1982 304 2039 surrexit
319 1983 350 2039 ln
365 1982 444 2039 natis
461 1982 627 2051 mulierum,
640 1983 710 2040 dicit
726 1983 881 2055 indignam
899 1999 929 2040 se

69 2089 141 2130 esee
156 2071 268 2130 soluere
283 2073 435 2143 corrigiam
451 2072 664 2130 calceamentii

105 2163 138 2219 3.
156 2162 268 2219 Tamen
289 2161 399 2233 aliquid
424 2161 587 2219 evidentius
610 2161 687 2219 dicat
709 2162 847 2229 locanes,
863 2162 932 2234 qaia

70 2252 155 2307 liene
166 2250 364 2307 estDomiaas
381 2256 479 2308 noster
490 2251 578 2308 iesus
588 2251 734 2310 Christus.
747 2253 932 2309 inveniamus

71 2341 132 2397 boc
155 2341 185 2395 in
211 2340 346 2412 presenti
367 2340 501 2410 lectione,
524 2341 594 2412 qaia
618 2342 689 2399 ieris
702 2345 730 2398 et
746 2343 781 2398 de
795 2342 844 2398 ilio
860 2359 933 2398 can-

70 2429 216 2501 tnvimas,
239 2432 374 2503 deprecati
396 2433 464 2489 aeus
486 2448 567 2504 anper
591 2448 699 2490 coenem
723 2439 930 2490 terremraoa·

71 2526 121 2576 ira
131 2519 213 2592 qaod
223 2520 306 2576 surdi
318 2526 394 2589 eant,
406 2522 458 2592 qai
468 2526 572 2593 patant
583 2537 649 2579 eam
660 2520 689 2577 ia
699 2522 795 2578 Airica
806 2520 871 2578 saia
889 2538 930 2578 rc·

68 2625 178 2681 gnere.
193 2609 258 2666 lion
273 2610 350 2666 enirn
361 2626 420 2667 non
431 2610 543 2667 dictum
554 2615 598 2667 est
613 2612 650 2667 de
664 2611 791 2678 Christo,
807 2627 874 2668 earn
885 2611 932 2667 di·

68 2706 157 2755 etum
173 2703 229 2768 esi,
241 2700 371 2771 Regnavit
381 2704 661 2773 Deuseuperemncm
672 2705 788 2758 terrem
804 2701 877 2767 Quid
888 2706 933 2759 est

68 2788 155 2846 enim
166 2787 931 2853 aliusrexnosier,aisiDominaenoeiarJosasClari-

68 2879 166 2935 sius‘i
176 2878 244 2951 lpse
254 2887 297 2937 est
307 2896 357 2937 rex
367 2881 593 2954 nasteniiiquid
605 2881 726 2939 audiatis
736 2883 766 2938 in
778 2882 841 2955 ipso
853 2880 930 2938 Psel-

69 2985 136 3037 mo,
152 2972 261 3028 receati
276 2988 359 3029 versa
376 2971 462 3029 modo
477 2974 616 3029 cantato?
632 2973 746 3029 Pveitiee
756 2974 811 3028 lieo
826 2981 930 3041 nostre,

66 3060 184 3131 psallite
194 3077 204 3118 .·
216 3062 330 3134 psallite
340 3064 505 3135 repineelre,
514 3063 635 3135 psallite.
646 3062 815 3130 anmdixii
825 3062 930 3130 Deam,

67 3148 174 3220 ipsum
185 3148 260 3205 dixit
269 3166 368 3224 regem
380 3155 513 3208 nostram
526 3167 533 3208 ε
544 3153 659 3209 Pveliite
669 3155 725 3209 Dee
743 3155 844 3216 nestro,
856 3150 931 3222 psoi-

68 3238 124 3295 iite
133 3255 145 3295 r
153 3240 266 3311 pceiiioe
275 3244 334 3313 roei
341 3242 561 3315 neelre,peellite
570 3243 769 3313 intelligenter.
779 3246 821 3299 ite
831 3242 860 3297 ia
872 3257 931 3297 aaa

69 3328 242 3400 perlucetis
255 3329 416 3404 intelligere
425 3333 472 3388 cai
483 3331 600 3404 peellis:
622 3333 757 3400 Quoniam
770 3346 820 3387 ree
843 3333 931 3387 envaie

70 3426 159 3474 terre
170 3418 241 3475 υιιιε
256 3420 341 3492 (Psel.
353 3437 428 3492 xcvi,
440 3422 467 3486 3,
477 3424 508 3493 7,
518 3421 557 3493 8).
569 3422 604 3478 ut
615 3421 762 3495 quomodo
777 3428 821 3477 est
834 3420 931 3476 orvvnia

69 3510 160 3564 terre
175 3522 237 3577 rex,
253 3507 304 3579 qui
318 3508 400 3567 visas
415 3513 458 3567 eet
469 3508 499 3565 in
511 3525 570 3566 aaa
581 3515 661 3583 parta
674 3513 827 3580 terraram,
842 3506 870 3563 in
885 3507 931 3564 Jo-

71 3595 236 3668 resoigma,
254 3597 283 3654 in
293 3598 406 3669 iadaen,
419 3598 574 3656 narbaiaus
585 3600 662 3656 later
673 3599 818 3667 homines,
833 3601 929 3666 natas,

70 3702 194 3758 augeae,
208 3702 353 3760 crescens,
379 3689 571 3759 manducabe,
587 3688 702 3754 bibene,
713 3687 846 3759 vigliano,
862 3687 930 3743 dor·

72 3775 182 3846 miens,
208 3776 347 3848 fatigatas
361 3777 399 3835 ad
414 3781 533 3850 puteum
559 3778 673 3848 sedens,
690 3775 928 3848 comprehensae,

72 3864 252 3938 flagellatae,
267 3868 363 3940 spatie
376 3866 479 3938 illitae,
490 3867 585 3941 spinis
599 3869 767 3934 coronatas,
779 3865 857 3938 ligno
869 3879 931 3921 sus·

72 3970 197 4029 pensus,
214 3957 312 4013 iancea
326 3972 493 4030 percussus,
521 3964 665 4029 mortuas,
686 3956 842 4030 sepultae?
857 3970 931 4027 qao·

73 4044 164 4104 modu
178 4061 248 4119 orgo
262 4061 313 4103 rex
327 4048 424 4104 omnis
436 4048 632 4114 terrmiQuod
644 4046 796 4103 videbatur
809 4045 840 4102 in
856 4046 929 4116 loce,

72 4150 143 4192 cero
157 4140 240 4193 erat:
257 4134 351 4193 oculis
373 4137 488 4195 carneis
512 4153 578 4196 caro
595 4136 772 4209 opparabat;
798 4136 827 4192 in
844 4152 931 4193 carae

73 4227 194 4286 mortali
208 4228 348 4301 majestas
363 4228 536 4288 immortalia
550 4229 760 4288 occultabatur.
776 4228 810 4286 iit
824 4228 932 4301 quibas

72 4317 169 4376 oculis
183 4319 320 4391 majestas
335 4318 507 4376 immertalis
520 4324 668 4393 penetratu
682 4332 820 4389 compage
835 4319 932 4376 earnis

74 4408 184 4482 poterit
200 4408 332 4466 intueri?
346 4412 396 4465 iist
406 4409 481 4466 alias
493 4409 605 4480 oculas,
621 4414 666 4466 est
681 4408 800 4465 interior
815 4408 929 4466 ocalae.

74 4498 139 4556 Non
154 4497 234 4556 enim
253 4496 352 4555 aaiios
376 4498 478 4556 ocaieu
493 4498 618 4557 habebat
632 4502 662 4556 et
680 4498 796 4567 Tobiae,
814 4499 931 4571 quaudo

75 4604 172 4645 encas
202 4588 298 4645 oeulis
318 4588 469 4661 corporeis
498 4589 557 4646 iulio
580 4589 669 4647 debui
693 4598 835 4660 precepta
865 4588 930 4647 vitm

73 4676 149 4747 (iet.
165 4678 216 4747 vv).
232 4674 284 4733 iile
304 4675 379 4749 patri
403 4692 522 4734 manum
547 4677 673 4743 tenebat,
690 4679 722 4733 at
733 4676 855 4749 pedibas
868 4692 932 4732 arrr-

73 4764 208 4822 baiaret:
223 4763 272 4823 iiie
286 4763 345 4821 lilia
354 4764 510 4823 consilinm
520 4766 620 4835 dabat,
632 4769 665 4822 at
674 4764 749 4822 viam
758 4764 878 4837 justitiae
890 4769 932 4822 te·

75 4858 171 4911 neret.
192 4852 228 4911 iit
242 4852 298 4910 hae
311 4853 421 4925 ‚oculos
441 4854 535 4927 rideo,
549 4858 579 4911 et
594 4854 648 4912 bec
672 4853 773 4911 ooalos
789 4851 931 4927 intellige.

76 4943 113 5000 Et
126 4942 264 5001 meliores
278 4942 355 5001 oculi
369 4943 467 5003 duritie
481 4945 546 5003 vite
562 4944 730 5012 eonsilium,
750 4959 837 5018 quarn
855 4943 932 5000 oculi

77 5034 204 5091 tenentis
234 5048 366 5091 menam.
390 5032 472 5093 Tales
496 5035 597 5092 ooaloe
621 5034 770 5107 querebat
792 5036 819 5090 et
834 5031 931 5101 ieeae,

79 5124 197 5195 qnando
212 5123 254 5180 ait
268 5123 413 5197 Philippo,
429 5126 513 5183 lenio
535 5127 655 5199 tempero
668 5123 805 5181 uobiscum
819 5139 891 5194 eane,
907 5130 933 5181 et

79 5228 136 5269 nen
148 5214 315 5284 cognovistis
329 5215 396 5271 mei
410 5213 495 5274 iales
509 5214 609 5272 oculos
624 5214 783 5288 quaerebat,
799 5229 866 5269 cam
881 5212 931 5271 ait.

80 5302 219 5377 Pillippe,
234 5305 284 5376 pai
297 5302 371 5361 uidet
389 5320 445 5373 nae,
464 5303 537 5362 uidet
551 5309 577 5361 et
592 5305 701 5361 Patrem
711 5306 804 5375 (loen.
820 5319 877 5370 arv,
892 5303 932 5370 9i·

82 5394 130 5449 leti
142 5392 221 5451 oculi
231 5391 263 5450 in
273 5392 553 5466 intelligentiesant.
562 5394 609 5451 isti
617 5393 693 5451 oculi
706 5393 734 5450 ia
747 5397 842 5450 moute
853 5399 931 5451 aaut.

82 5482 145 5541 ideo
154 5498 224 5540 cum
234 5481 356 5541 dixisset
367 5482 516 5553 Psalmaa,
538 5484 674 5554 Quoniam
688 5498 738 5541 rex
747 5485 836 5540 omnis
851 5487 934 5541 terroe

113 5647 123 5687 i
136 5645 262 5712 Plerique
270 5643 345 5713 iden,
361 5644 440 5699 iiiam
450 5647 542 5713 adero,
555 5647 603 5700 leae
616 5650 655 5701 eet
668 5648 761 5699 Deum.

675 230 903 295 TRAGTA'lUS
924 232 1004 293 ΧΙΙΙ.
1027 233 1152 293 CAPUT
1175 233 1226 296 lli.

1754 239 1833 299 liei

980 366 1048 422 [leus
1054 384 1065 433 ,·
1077 366 1316 437 subJecitataiim,
1325 368 1442 423 l‘sellile
1451 367 1651 438 intelligenter.
1659 370 1743 436 Quod
1753 373 1832 429 euim

980 457 1054 525 dico,
1072 458 1186 515 Pseilite
1200 459 1252 515 lieu
1273 464 1376 523 nostre,
1389 458 1503 525 psallite
1512 477 1522 525 ;
1548 460 1639 516 Deam
1655 461 1720 518 dico
1735 477 1832 534 regem

981 552 1124 604 uestram.
1137 548 1190 605 Sed
1206 563 1304 620 regem
1329 553 1464 607 nostram
1481 549 1557 606 iuter
1573 550 1707 609 hominos
1724 551 1833 609 vidistis

980 640 1120 709 tauquam
1131 638 1549 712 homiaem,vidietispassum,
1561 640 1746 709 crucifixam,
1758 658 1834 700 mer·

981 732 1079 784 taam:
1092 728 1316 800 iatobeteliqaid
1325 729 1710 798 iuillaeurne,qaamocaiis
1720 733 1835 791 carneis

981 817 1077 874 videre
1092 819 1253 891 pataietie¹.
1270 820 1341 884 Quid
1355 818 1394 875 ibi
1405 818 1537 877 latebat?
1553 822 1666 886 Pacliite
1677 823 1836 894 intelligen-

982 917 1042 974 ter,
1057 908 1146 965 aoiite
1161 910 1253 966 oculis
1277 926 1407 982 querere
1430 911 1505 981 qaod
1530 915 1627 968 meato
1642 912 1834 985 conspicitur.

981 999 1095 1055 Paeliiie
1110 999 1219 1071 liugas,
1235 1000 1303 1071 qaia
1313 999 1387 1056 inter
1399 1017 1448 1057 voe
1459 1015 1544 1067 earo;
1565 1003 1616 1058 scd
1632 1002 1700 1075 qaia
1720 1004 1835 1060 l'eriium

980 1102 1044 1144 care
1063 1092 1168 1159 lucium
1191 1099 1245 1157 eoi,
1256 1095 1283 1147 ei
1297 1090 1433 1146 dubitauit
1447 1091 1479 1145 in
1492 1091 1581 1157 neiis,
1603 1093 1713 1149 redditu
1727 1109 1832 1151 sonum

981 1179 1072 1249 carui,
1084 1178 1261 1234 redditeiieo
1273 1178 1378 1236 arentis
1388 1180 1533 1235 obtutum.
1545 1181 1662 1237 Pseiliie
1672 1182 1834 1255 intelligen-

982 1276 1032 1336 ler,
1047 1274 1077 1324 et
1091 1268 1195 1324 ridelis
1210 1270 1277 1339 qaia
1292 1268 1477 1325 Verlameere
1491 1274 1593 1339 laertem
1603 1273 1652 1340 est,
1664 1276 1689 1326 et
1698 1272 1834 1329 babilonii

983 1359 1013 1413 in
1027 1358 1115 1413 neiis.

1020 1448 1045 1502 l.
1058 1447 1138 1504 Dicat
1158 1451 1188 1503 ei
1210 1446 1652 1505 ioanneetestiaioniam1i'eet
1674 1450 1733 1508 iaaec
1761 1453 1834 1508 uenit

982 1539 1058 1594 letae
1073 1540 1097 1592 ci
1111 1538 1241 1608 discipuli
1255 1538 1314 1609 ejus
1329 1538 1357 1592 in
1368 1536 1492 1592 seneen
1507 1540 1624 1605 terrum,
1636 1543 1660 1595 ei
1672 1538 1733 1595 iilic
1746 1540 1835 1598 deme·

984 1627 1099 1683 rudiatur
1112 1643 1174 1683 cem
1191 1629 1243 1694 eis,
1256 1631 1282 1682 el
1298 1626 1464 1698 beplieubot.
1481 1626 1645 1697 Baptizatus
1661 1627 1835 1700 baptizabat.

984 1716 1047 1771 Nan
1062 1730 1096 1770 eo
1111 1715 1257 1787 baptismo
1273 1714 1441 1786 baptizabat
1459 1729 1516 1785 qao
1532 1714 1697 1787 baptizatae
1712 1720 1766 1773 eet.
1782 1716 1838 1776 liat

985 1805 1164 1878 bipiismam
1191 1803 1332 1860 Dominae
1356 1803 1519 1874 baptizatas
1535 1821 1551 1860 a
1566 1820 1659 1870 servo,
1680 1806 1838 1864 ostendens

986 1894 1159 1952 hamilitatis
1168 1895 1256 1955 vium,
1265 1893 1462 1967 otperdacene
1472 1895 1508 1950 ad
1521 1894 1702 1966 baptismam
1711 1895 1838 1965 Domini,

985 1987 1039 2042 hac
1048 1984 1382 2055 cstbaptiemamsaum,
1391 1983 1840 2056 praebendobamiiitalieosem·

987 2076 1078 2149 piam,
1095 2076 1164 2148 qaia
1178 2075 1240 2147 ipse
1256 2093 1314 2131 aaa
1337 2075 1446 2146 respuit
1464 2075 1643 2146 baptismam
1658 2077 1744 2133 servi.
1760 2078 1796 2135 iit
1809 2078 1839 2135 ia

985 2165 1132 2236 baptismo
1143 2165 1218 2221 servi
1230 2165 1277 2220 via
1288 2164 1507 2236 preparabatar
1516 2164 1650 2232 Domino,
1665 2170 1696 2222 et
1709 2166 1840 2240 baptiza·

987 2254 1187 2312 iasiiorniaas
1198 2254 1272 2309 viam
1285 2269 1316 2309 ee
1327 2253 1393 2310 lecit
1405 2253 1588 2309 venientibus
1598 2253 1619 2311 ².
1632 2256 1731 2327 Ipsum
1742 2256 1841 2313 audia-

987 2362 1074 2403 mus:
1092 2349 1146 2416 iipe
1156 2361 1217 2400 sam
1230 2347 1284 2414 eie,
1302 2344 1504 2401 uei-itasctviie
1519 2345 1608 2413 (iecra.
1625 2359 1682 2415 xav,
1697 2345 1736 2413 6).
1752 2345 1782 2402 Si
1798 2362 1842 2402 ve-

988 2438 1104 2494 ritatem
1122 2436 1240 2509 qamris,
1256 2435 1333 2492 viani
1346 2439 1412 2490 leue
1425 2449 1431 2489 :
1445 2450 1510 2491 near
1528 2435 1591 2505 ipsa
1601 2439 1646 2492 eei
1659 2434 1707 2493 via
1721 2452 1785 2508 que
1799 2440 1842 2493 eet

988 2528 1102 2584 veritos.
1120 2526 1186 2598 lpse
1196 2528 1241 2581 est
1252 2541 1308 2597 qao
1321 2524 1356 2592 ie,
1367 2525 1431 2595 ipsa
1444 2528 1489 2580 est
1499 2540 1558 2596 qua
1568 2524 1593 2581 ie
1604 2549 1611 2592 t
1623 2538 1681 2581 aon
1692 2539 1743 2597 per
1757 2523 1837 2582 aliud

989 2618 1015 2676 is
1030 2619 1066 2675 ed
1082 2617 1169 2683 aliud,
1187 2633 1245 2672 aaa
1268 2632 1319 2688 per
1341 2615 1421 2671 aliud
1445 2615 1527 2672 vonis
1541 2615 1578 2672 ad
1604 2614 1773 2672 Christum:
1789 2629 1841 2688 per

987 2707 1135 2764 Christum
1149 2708 1185 2763 ud
1197 2705 1343 2763 Chrietam
1355 2703 1447 2761 venie.
1460 2703 1610 2771 Quomodo
1626 2719 1676 2776 per
1692 2704 1838 2762 Christum

985 2800 1021 2856 ad
1037 2796 1209 2854 Christum?
1223 2798 1275 2852 Per
1296 2795 1443 2852 Christum
1470 2795 1620 2852 hominem
1636 2795 1672 2851 ad
1688 2794 1839 2852 Christum

984 2889 1078 2946 Deam
1091 2904 1098 2943 ε
1110 2904 1161 2959 per
1171 2886 1298 2943 Verbum
1309 2900 1426 2942 carnem
1439 2884 1560 2953 lectam,
1572 2884 1607 2940 ad
1621 2884 1748 2943 Verbum
1760 2885 1838 2957 quod

984 2978 1015 3036 ia
1032 2977 1174 3051 principie
1188 2980 1250 3032 erat
1261 2975 1338 3031 Deae
1349 2975 1426 3046 apud
1441 2979 1530 3031 iteam
1543 2995 1550 3044 ;
1565 2975 1601 3030 ul>
1612 2991 1646 3032 eo
1661 2975 1739 3047 quod
1754 2990 1838 3034 man·

985 3068 1102 3124 ducavit
1116 3066 1214 3130 bema,
1226 3066 1261 3120 ad
1273 3064 1344 3119 iliad
1357 3064 1433 3135 quad
1446 3063 1576 3135 quotidie
1588 3064 1766 3121 manducant
1777 3066 1838 3121 An·

984 3155 1053 3229 geli.
1070 3155 1117 3212 Sia
1127 3154 1203 3210 caira
1214 3153 1356 3224 scriptam
1371 3156 1426 3220 ost,
1439 3152 1542 3206 Penvm
1556 3151 1618 3207 celi
1630 3151 1704 3209 dedit
1714 3153 1773 3209 cis:
1786 3167 1838 3223 pu·

983 3263 1046 3303 recia
1053 3245 1214 3317 Arvgeieram
1223 3242 1396 3298 mvvndeeaevt
1403 3240 1481 3298 barrae
1489 3242 1575 3313 (l'sol.
1584 3258 1688 3308 axxvu,
1697 3243 1731 3298 21
1742 3248 1768 3298 el
1778 3241 1836 3311 25).

984 3336 1051 3404 Quis
1066 3339 1112 3393 esi
1128 3335 1212 3405 panis
1223 3332 1403 3405 Angelorum
1415 3330 1472 3387 ilu
1482 3333 1618 3403 principie
1633 3335 1693 3388 eret
1711 3331 1835 3398 Verbum,

984 3434 1012 3483 et
1030 3427 1143 3484 Verbum
1156 3427 1216 3481 eret
1230 3422 1304 3496 opaci
1316 3423 1410 3488 licem,
1422 3428 1448 3476 et
1458 3422 1527 3476 devie
1537 3424 1597 3475 eret
1614 3420 1743 3476 Verium.
1758 3420 1836 3483 Quo-

985 3516 1072 3572 modo
1088 3529 1191 3587 paaem
1208 3511 1386 3584 Angelorum
1399 3509 1586 3566 manducavit
1597 3507 1707 3564 bomoi
1721 3510 1755 3565 iit
1773 3508 1837 3563 Ver·

985 3606 1049 3663 bam
1059 3620 1122 3661 cere
1131 3606 1235 3676 tortum
1245 3605 1297 3667 ert,
1307 3608 1332 3655 ei
1343 3597 1475 3655 nubilant
1486 3597 1515 3652 in
1524 3597 1603 3654 neiis
1614 3597 1703 3669 (loen.
1715 3614 1734 3669 v,
1747 3596 1773 3665 l,
1782 3596 1835 3667 li).

1019 3700 1046 3750 b.
1062 3694 1119 3749 Sed
1134 3692 1204 3764 qaia
1219 3689 1346 3745 diximus
1366 3687 1545 3743 manducare
1564 3685 1702 3759 Angelos,
1723 3688 1836 3752 iratres,

985 3801 1021 3842 ne
1037 3783 1144 3856 putetis
1166 3779 1313 3838 morsibus
1335 3778 1406 3835 lieri.
1424 3778 1496 3833 lium
1512 3778 1538 3833 si
1552 3776 1607 3833 boc
1622 3775 1836 3845 intellexeritis,

986 3874 1070 3947 qussi
1087 3868 1335 3929 dilaniatarlieae
1347 3883 1433 3940 qaam
1445 3867 1624 3923 manducant
1634 3865 1750 3940 Angeli.
1766 3864 1838 3932 Quis

985 3964 1107 4022 dilaniat
1120 3960 1264 4033 justitiam
1278 3960 1292 4015 'i
1305 3958 1358 4015 Sed
1371 3973 1488 4015 rursum
1500 3955 1573 4012 mibi
1584 3955 1692 4029 aliquis
1702 3956 1792 4013 dicit:
1805 3956 1840 4012 Et

986 4053 1052 4125 qais
1063 4056 1107 4108 est
1118 4051 1169 4123 qai
1182 4045 1490 4117 mandacatjaetiliam
1502 4043 1516 4099 i
1527 4044 1608 4102 Unde
1617 4043 1780 4117 ergo,decti
1790 4046 1839 4116 pai

985 4144 1115 4200 esurient
1125 4145 1151 4197 el
1160 4141 1262 4197 sitient
1269 4138 1421 4212 justitiam,
1431 4134 1564 4208 eueniunt
1574 4135 1627 4205 ipsi
1636 4134 1838 4190 saturabantur

985 4231 1093 4307 (tteltlv.
1110 4228 1309 4300 uelitibus
1325 4242 1411 4298 quem
1427 4224 1586 4280 mandaces
1602 4239 1653 4294 per
1666 4236 1794 4286 caraem,
1806 4224 1839 4278 ui

986 4323 1127 4381 reficiaris
1142 4326 1185 4388 lu,
1202 4321 1250 4376 ilie
1266 4318 1382 4385 delicit,
1399 4320 1430 4371 ut
1450 4319 1565 4388 reparet
1580 4317 1618 4383 te,
1634 4310 1837 4370 consumitur:

986 4415 1131 4471 maadaoa
1143 4410 1301 4482 justitiam,
1313 4411 1341 4463 et
1352 4411 1383 4462 ta
1395 4405 1534 4475 reliceris,
1547 4409 1574 4459 et
1585 4400 1635 4459 iila
1648 4401 1764 4472 integro
1773 4415 1838 4471 per·

986 4506 1108 4562 severat.
1124 4498 1275 4567 Quomodo
1299 4496 1423 4553 videndo
1444 4494 1530 4549 ieiuni
1554 4492 1648 4549 lacem
1672 4505 1839 4564 corpoream

986 4593 1159 4653 reiieianlur
1174 4587 1224 4646 isti
1238 4585 1316 4646 oeali
1340 4584 1444 4652 nostri,
1458 4590 1485 4640 et
1501 4599 1547 4640 res
1562 4587 1607 4640 oet
1620 4598 1759 4655 corporee
1776 4598 1840 4656 que

986 4684 1104 4741 videtur
1118 4678 1210 4738 ocaiis
1222 4676 1375 4750 corporeis.
1388 4674 1471 4730 idalii
1481 4673 1560 4730 enim
1571 4690 1638 4731 cam
1650 4673 1759 4731 tuerint
1773 4673 1841 4731 dia-

987 4775 1048 4831 tias
1061 4772 1092 4829 ia
1107 4769 1237 4828 tenebris
1250 4767 1415 4824 infirmatur
1424 4766 1502 4824 acies
1513 4765 1657 4838 ipsoram,
1669 4764 1754 4838 quael
1765 4764 1843 4836 jeju·

987 4855 1036 4912 nio
1052 4852 1138 4911 iacis.
1154 4847 1290 4907 i'raadati
1306 4846 1385 4906 oouii
1409 4847 1475 4905 cibo
1498 4861 1551 4904 suo
1567 4844 1644 4919 (laos
1663 4845 1771 4916 quippe
1786 4859 1841 4915 pa-

987 4942 1131 5014 scantur),
1148 4938 1347 5011 defatigantur
1361 4936 1471 5009 iejanio
1486 4942 1514 4994 et
1533 4934 1736 5001 debilitantur,
1752 4930 1793 4987 ite
1809 4937 1842 4989 at

989 5035 1082 5107 ipsam
1096 5031 1190 5087 lucem
1207 5046 1268 5101 qaa
1282 5028 1461 5095 relicianiar,
1477 5026 1573 5082 ridere
1589 5037 1647 5078 noa
1662 5019 1793 5092 possint:
1811 5023 1840 5077 ot

988 5125 1014 5181 ei
1028 5122 1140 5179 diutius
1156 5118 1293 5187 abluerit,
1309 5116 1547 5187 exstinguantur,
1562 5117 1589 5167 et
1603 5114 1742 5180 tauquam
1754 5110 1842 5165 mori-

988 5217 1037 5270 tar
1053 5213 1082 5269 in
1098 5211 1140 5268 eie
1154 5210 1220 5284 ipsa
1234 5209 1311 5266 ecies
1324 5205 1410 5264 lucia.
1427 5200 1503 5270 Qaid
1517 5198 1610 5271 ergoi
1624 5197 1692 5271 qaia
1706 5201 1750 5255 toi
1763 5200 1841 5258 oculi

988 5302 1119 5377 quetidie
1134 5302 1189 5358 ista
1202 5298 1268 5356 lace
1284 5301 1453 5370 pascantur,
1470 5291 1566 5348 minor
1585 5288 1642 5344 liti
1655 5290 1691 5346 Et
1709 5287 1752 5346 illi
1771 5292 1843 5349 reti.

993 5394 1121 5461 ciaatar,
1137 5395 1167 5447 et
1179 5389 1242 5459 ipsa
1257 5388 1368 5458 integra
1384 5383 1544 5456 permanet.
1554 5379 1584 5434 Si
1595 5378 1649 5438 hoo
1660 5380 1757 5454 poluit
1767 5382 1843 5444 Deae

1021 5528 1030 5562 ¹
1042 5517 1196 5573 stetisset
1206 5515 1279 5574 edili,
1290 5513 1358 5578 qued
1368 5511 1451 5562 neatis
1461 5508 1562 5563 corneis
1572 5509 1714 5561 uiderenen
1740 5513 1841 5564 eluisti.

1021 5585 1108 5635 ²tlsa.
1124 5583 1248 5645 quotuor,
1265 5577 1337 5628 aione
1351 5576 1415 5639 lecit
1428 5576 1463 5628 od
1476 5590 1504 5628 ee
1518 5572 1690 5628 uenientibus.
1726 5588 1770 5626 rea
1789 5575 1841 5634 aiii,

990 5648 1060 5701 aium
1071 5660 1097 5697 se
1111 5643 1173 5711 lecit
1189 5641 1225 5693 ed
1237 5654 1264 5691 u
1278 5639 1449 5692 uenientibus.
