3952 6150
89 192 169 254 test

83 324 940 401 potentiam,putaveruntprincipumessesotentiam,quod

83 419 141 490 ipsi
156 423 350 491 cognoverant
372 416 509 474 eumdem
533 430 597 472 esse
620 413 766 470 Christum
782 431 788 470 :
803 416 868 471 idco
888 430 943 486 pe-

83 503 940 579 percorumei,quomtantopereoccidendumquaesierunt.

121 602 149 654 2.
172 599 282 654 Deinde
306 596 348 652 illi
376 595 434 668 ipsi
456 594 533 665 apud
569 594 690 666 seipsos,
716 594 765 665 εει
797 595 940 660 dixerant,

83 687 225 760 Numquid
242 692 426 759 coenaverunt
438 686 578 756 principes
600 686 664 756 quta
680 683 724 739 tn
738 689 779 739 est
796 682 943 738 utentur?

84 776 220 833 iecerunt
234 775 290 832 sibi
309 774 499 847 questionem
515 789 575 844 qua
589 772 631 828 cis
646 771 791 827 rideretur
806 789 863 828 non
880 772 941 844 ipso

83 881 152 921 esse
166 864 301 923 Christus
315 881 322 920 :
334 865 529 936 adjungentes
540 863 617 918 enim
634 861 778 929 dixerunt,
791 861 842 917 Seri
858 864 942 918 istum

83 958 213 1011 nonimar
235 955 306 1011 unde
319 958 376 1021 tit,·
392 953 518 1010 certitas
538 958 631 1008 autern
645 968 707 1007 eunt
730 954 847 1023 venerit,
862 968 941 1009 nemo

81 1048 136 1101 scit
151 1044 226 1101 unde
239 1047 286 1101 sit.
297 1043 362 1100 Hrso
376 1042 475 1115 opinio
487 1043 565 1116 apud
579 1043 696 1098 Judaeos
707 1045 784 1098 unde
799 1048 868 1098 nuta
884 1042 942 1097 iue-

82 1134 133 1202 rit,
144 1135 223 1207 quod
240 1134 363 1190 censear
377 1150 440 1189 carn
454 1135 660 1202 seueritatem
674 1131 725 1188 scit
736 1132 808 1189 ande
822 1135 857 1188 rit
870 1132 941 1202 (non

80 1224 162 1280 enim
170 1224 296 1281 inaniter
306 1223 480 1293 εειεεει);ει
492 1222 710 1280 consideremus
720 1222 893 1293 scripturus,
902 1221 942 1275 in·

80 1313 230 1381 venimus,
242 1314 357 1381 iratres,
369 1313 506 1385 quoniam
518 1316 626 1368 senator
638 1313 794 1384 Scriptum
804 1311 942 1367 dixerunt

79 1402 119 1458 de
139 1402 266 1471 Christo,
284 1404 415 1475 qnoniam
429 1400 578 1458 Nazaraeos
601 1401 746 1457 vocabitur
767 1399 882 1471 (Metti.
908 1414 940 1468 ιι,

81 1491 141 1560 23).
155 1493 227 1564 Ergo
243 1491 439 1563 pradiaerunt
455 1491 532 1546 unde
547 1489 595 1545 eit.
612 1490 725 1545 Rursus
739 1489 764 1545 ει
780 1488 875 1545 iocum
893 1504 942 1544 na-

81 1580 206 1638 tivitatis
224 1584 287 1652 ejus
302 1596 479 1652 queremus,
496 1583 636 1651 tanquam
652 1579 720 1635 iude
735 1579 773 1634 sit
789 1577 837 1634 ubi
854 1581 941 1633 nutus

82 1675 148 1738 est3
165 1686 218 1726 nee
235 1670 288 1726 boc
301 1670 410 1726 istebat
423 1669 550 1737 Judseos,
566 1672 684 1741 propter
696 1668 861 1739 scripturas
875 1684 940 1739 que

83 1760 143 1815 iste
158 1760 361 1833 praedixerant.
373 1760 446 1816 Nam
458 1775 524 1817 oum
534 1774 601 1815 sum
612 1758 674 1814 visa
684 1757 769 1813 stoiie
780 1756 855 1830 Magi
866 1773 941 1829 quee-

81 1853 183 1906 rereat
205 1849 336 1917 adorare,
361 1848 557 1905 veneruntad
582 1846 736 1916 Herodem,
753 1855 780 1903 et
804 1846 940 1902 dixerunt

80 1939 153 2011 quid
170 1943 332 2012 quererent
342 1944 370 1995 ει
380 1940 448 2011 quid
464 1938 572 1995 velient
583 1957 590 1995 ι
603 1937 652 1994 itte
668 1941 764 1995 autem
778 1936 940 1995 convocatis

81 2029 128 2085 eis
142 2027 193 2101 εει
205 2029 310 2101 Legem
326 2029 470 2094 sciebant,
480 2028 615 2101 quesivit
629 2027 665 2083 ab
680 2028 722 2085 eis
738 2027 787 2082 ubi
803 2027 938 2083 Christus

80 2122 252 2175 nascemtur
268 2133 275 2174 ε
292 2118 334 2174 tttt
346 2119 492 2186 dixerunt,
509 2120 540 2174 in
554 2117 714 2174 Bethlehem
736 2117 816 2175 ludoe
829 2134 839 2173 .·
854 2123 881 2172 ει
896 2120 938 2173 ιε·

80 2209 258 2265 stimonium
269 2209 357 2266 etiem
375 2208 574 2280 propheticum
589 2208 770 2280 protulerunt
785 2208 891 2279 (encta.
905 2223 937 2273 rr,

83 2301 94 2354 ι
116 2300 157 2370 6).
173 2300 202 2354 Si
217 2315 285 2370 ergo
311 2299 459 2371 Prophetas
475 2299 666 2370 predixerant
691 2302 720 2354 et
742 2297 837 2354 locum
861 2298 939 2355 uode

81 2390 243 2462 scaturigo
258 2389 354 2445 carnis
365 2389 439 2459 εΙεε,
450 2392 478 2445 ει
493 2389 588 2445 ιοεειε
606 2388 655 2444 ubi
670 2404 736 2444 eum
753 2388 866 2460 peperit
881 2404 940 2444 ma·

82 2482 129 2533 ter
148 2478 233 2550 ejus3
250 2479 329 2534 unde
351 2485 418 2534 nata
443 2482 487 2534 cst
507 2478 566 2534 ista
587 2479 684 2550 opinio
709 2479 786 2550 apud
809 2478 939 2546 iudaeos,

83 2584 175 2640 quem
187 2568 272 2624 modo
283 2569 459 2635 audirimus,
472 2567 594 2623 ditrictae
603 2584 666 2624 eom
676 2571 789 2637 venerit,
800 2584 879 2625 nemo
889 2569 939 2624 soit

82 2659 159 2715 ande
171 2660 214 2720 tit,
232 2658 289 2715 nisi
313 2659 380 2730 εειε
405 2667 561 2730 utrumque
581 2660 808 2731 praedicaverant
823 2663 852 2714 et
867 2675 940 2731 prce·

84 2750 292 2806 nuntiaverant
311 2749 488 2823 Scripturas?
503 2750 670 2807 Secundum
696 2750 843 2807 hominem
868 2766 939 2821 pra-

84 2840 222 2896 dixerant
232 2840 388 2913 Scripturas
400 2840 476 2898 uode
486 2844 582 2897 esset:
599 2841 759 2897 secuudum
776 2841 865 2898 Deum
876 2838 941 2897 late·

84 2932 137 2987 bnt
162 2931 280 3003 impios,
297 2934 326 2986 et
340 2931 488 3002 querebat
510 2932 583 3003 pios.
600 2932 641 2987 Ad
664 2931 720 2988 boo
744 2931 821 2987 enim
846 2929 940 2988 otiati

79 3019 230 3088 dixerunt,
242 3020 367 3076 cinctas
375 3036 436 3076 eum
446 3023 563 3088 venuit,
575 3036 654 3077 nemo
664 3022 714 3077 scit
725 3020 797 3076 unde
805 3018 841 3075 rit
850 3037 861 3083 ‚·
872 3021 942 3092 εειε

81 3108 159 3166 bene
169 3108 409 3181 ittisopinionem
420 3114 609 3181 generaverat
619 3112 693 3182 quod
710 3125 761 3182 per
778 3110 885 3166 isaiam
900 3110 942 3166 di·

79 3208 161 3256 ctum
178 3204 232 3269 ert,
243 3199 451 3257 Generationem
461 3207 557 3257 autern
569 3202 625 3269 eice
637 3203 697 3273 quir
708 3201 851 3257 enarrabit
861 3199 939 3274 (lsai.

79 3304 139 3357 ern,
147 3291 195 3359 et?
205 3289 335 3361 Denique
345 3293 374 3346 ot
383 3289 447 3363 ipse
458 3291 599 3347 Dominus
610 3290 647 3347 ad
659 3295 816 3363 utrumque
827 3306 944 3362 respon·

79 3380 134 3445 dit,
145 3385 174 3436 et
189 3380 257 3452 quie
268 3384 409 3437 noverant
423 3397 491 3437 eum
503 3381 581 3438 unde
596 3386 723 3450 esset,et
737 3382 875 3454 quianon
891 3399 942 3439 no·

79 3472 207 3537 rarent3
224 3473 255 3524 ut
269 3472 457 3526 attestaretur
471 3469 631 3542 prophetie
642 3475 749 3527 senates
763 3487 826 3543 que
842 3471 878 3528 de
892 3470 941 3528 ilio

81 3565 148 3615 ante
163 3556 301 3629 praedicta
315 3563 369 3625 est,
382 3562 411 3615 et
421 3559 585 3615 seeundum
603 3560 811 3616 humanitatem
823 3559 943 3617 infirmi-

83 3648 163 3713 tatis,
179 3653 208 3703 et
223 3648 385 3705 secundum
402 3648 584 3705 divinitatem
600 3650 773 3720 mejestatis.

119 3738 147 3792 3.
159 3736 263 3793 Audite
277 3753 346 3810 ergo
356 3738 485 3794 Verbum
502 3737 630 3805 Domini,
642 3738 756 3806 tratres,
767 3738 862 3794 videte
876 3754 943 3810 que·

83 3828 278 3884 medmodum
289 3828 471 3885 confirmavit
485 3828 528 3885 ειε
537 3833 566 3883 et
579 3829 655 3901 quod
668 3828 813 3896 dixerunt,
828 3849 843 3880 a
853 3829 943 3886 istum

82 3916 222 3974 norimus
247 3917 324 3973 unde
348 3917 406 3985 sit;
424 3939 438 3968 ε
453 3921 481 3974 et
506 3922 582 3989 quod
608 3918 755 3987 dixerunt,
773 3940 787 3968 a
810 3917 942 3975 Christus

82 4021 150 4064 cnm
167 4005 289 4076 venerit,
305 4023 389 4063 nomo
415 4008 472 4064 soit
488 4009 564 4063 unde
580 4007 625 4063 sit.
641 4006 793 4064 Clamabat
807 4023 875 4081 ergo
890 4009 940 4065 do-

79 4111 151 4152 oere
167 4096 198 4151 in
213 4095 322 4168 tempto
337 4095 440 4153 iesus:
459 4096 492 4152 tn
508 4111 554 4151 me
569 4097 661 4167 scitis,
673 4101 701 4153 et
717 4097 794 4153 unde
812 4099 867 4155 sim
884 4098 940 4153 soi·

79 4186 137 4253 tis3
152 4188 185 4240 et
198 4202 215 4242 a
229 4184 341 4257 meipso
358 4201 414 4241 non
429 4186 505 4256 veni,
522 4187 574 4242 aed
589 4193 633 4243 est
661 4202 747 4243 verus
762 4186 808 4258 εει
823 4202 870 4243 mo
885 4186 939 4242 mi·

78 4275 130 4341 sit,
147 4288 235 4348 quem
251 4290 302 4332 vos
327 4275 457 4333 nescitis.
471 4296 485 4327 ε
501 4280 560 4334 an
575 4281 621 4333 est
647 4277 753 4344 dicore,
770 4278 802 4331 Et
819 4290 865 4333 me
879 4277 938 4334 soi-

77 4365 126 4433 tis,
142 4369 174 4420 et
187 4381 236 4422 me
251 4365 369 4422 nescitis
384 4381 391 4421 :
406 4365 461 4422 boc
476 4371 519 4422 est
542 4367 650 4436 dicere,
666 4368 700 4423 tet
716 4367 794 4424 unde
807 4367 863 4423 sim
881 4367 939 4424 soi·

79 4455 130 4523 tis,
140 4460 172 4513 et
184 4456 262 4512 unde
272 4455 329 4512 sim
345 4456 475 4513 nescitis.
489 4459 569 4512 Unde
585 4456 638 4512 sim
653 4456 844 4517 antiatinus
858 4474 875 4512 a
889 4458 941 4515 Na·

79 4542 194 4612 zareth,
208 4545 294 4616 cujus
317 4546 405 4601 etiem
427 4550 562 4617 parentes
587 4545 690 4602 nostis.
707 4545 795 4602 Solus
815 4546 892 4602 enim
908 4546 939 4603 in

80 4632 608 4707 baconuseictebutvirginispnrtus,
619 4635 666 4692 εει
677 4639 775 4693 ιεειεε
786 4633 940 4692 testiseret

80 4727 229 4781 maritus:
245 4725 395 4798 ipseenim
412 4726 465 4782 boe
479 4730 590 4796 poterat
600 4724 725 4782 ndetitsr
740 4726 878 4792 indicare,
888 4725 939 4798 εει

81 4820 184 4889 posset
200 4817 371 4874 meritntttor
380 4820 409 4874 et
423 4816 516 4874 zetere
533 4819 553 4873 ¹.
564 4819 621 4874 tine
634 4833 702 4890 ergo
714 4824 833 4890 excepto
847 4818 939 4892 virgi·

81 4906 130 4962 nie
145 4908 244 4978 partu,
256 4910 346 4962 totum
362 4912 501 4962 noverant
516 4907 544 4962 in
560 4905 629 4963 teau
644 4906 722 4979 quod
737 4907 772 4963 ad
789 4906 938 4964 bominem

80 4995 209 5067 pertinet
224 5012 232 5051 τ
248 4996 337 5053 iacies
351 4995 446 5069 ipsius
470 5000 538 5053 note
552 5001 624 5061 oret,
641 4996 735 5069 petris
755 4997 851 5070 ipsius
875 5002 940 5055 nota

78 5088 155 5153 erat,
166 5098 260 5157 genos
268 5085 362 5157 ipsios
372 5091 475 5143 notum
486 5090 560 5153 erat,
571 5086 621 5142 obi
633 5091 720 5144 natus
728 5091 773 5143 est
783 5088 938 5146 sciebatur.

80 5176 168 5232 iteete
181 5190 250 5249 ergo
265 5176 348 5249 dixit,
365 5179 396 5235 tt
412 5194 456 5235 me
477 5180 574 5245 nortia,
588 5183 614 5233 et
629 5179 699 5234 ende
725 5180 778 5234 einr
792 5179 878 5245 reittt,
891 5195 938 5236 se·

76 5265 211 5322 madum
226 5280 344 5326 carnem
359 5275 387 5325 et
401 5268 529 5339 eittgtam
546 5267 674 5324 bominis
690 5285 779 5340 quem
794 5269 914 5341 gerebat
930 5286 937 5328 ε

78 5354 243 5413 exundent
258 5360 356 5414 entem
376 5356 571 5424 divinitatem,
586 5357 617 5412 et
632 5372 649 5413 a
663 5373 706 5412 me
722 5357 781 5429 ipro
795 5371 851 5415 eon
864 5359 938 5427 cent,

112 5490 176 5542 1διε
190 5490 254 5542 biso.
267 5506 327 5543 enm
339 5492 416 5545 editis
428 5493 486 5545 tm.
495 5496 521 5544 ot
535 5492 597 5544 Bad.
609 5492 651 5544 tt.
666 5491 709 5542 Er.
721 5494 747 5543 et
757 5478 938 5545 torinnam·

80 5554 127 5618 εει
142 5554 233 5618 potuit
244 5555 410 5609 maritantur
423 5558 448 5606 et
462 5554 555 5607 etan.

668 190 902 252 sanctitutis
922 188 1026 249 XXXI.
1049 186 1179 250 CAPUT
1203 189 1268 251 vlt.

1774 208 1853 272 1638

995 324 1045 380 red
1058 328 1096 379 ert
1112 340 1189 381 iterur
1213 329 1264 397 εει
1278 343 1323 383 rna
1337 328 1424 396 misit,
1440 348 1518 402 quent
1542 351 1585 390 tros
1606 342 1716 398 nescitis
1725 359 1735 404 ,·
1751 346 1802 402 sed
1819 353 1851 405 ει

996 429 1064 469 εεει
1079 414 1189 480 sciatis,
1206 416 1315 472 credite
1339 417 1368 473 in
1385 434 1452 474 eum
1478 438 1562 492 quem
1582 428 1670 498 misit,
1688 436 1716 485 et
1739 435 1849 495 soietie.

996 504 1080 559 Deum
1094 505 1172 561 euim
1188 520 1265 562 nerno
1281 506 1348 563 etan
1365 525 1499 582 anquam,
1515 515 1572 569 rn'sr'
1591 520 1750 586 unipenitus
1765 525 1853 583 Filius

996 596 1093 665 anteat
1108 598 1137 650 in
1154 597 1218 651 eina
1234 599 1333 664 Patris,
1351 600 1407 670 ipse
1427 604 1570 659 enarravit
1584 607 1673 673 (icari.
1692 627 1709 675 r,
1727 612 1772 681 18)
1789 628 1796 667 ι
1812 619 1852 683 ει,

996 684 1108 740 Patrem
1123 701 1177 740 non
1192 691 1327 756 connascit
1349 688 1405 744 eriri
1418 691 1514 759 Filius,
1531 697 1556 749 et
1571 696 1617 751 cni
1632 699 1748 756 rvotnerit
1763 703 1851 761 Filius

996 772 1118 829 renatare
1133 772 1236 845 (terti.
1254 791 1292 836 xi,
1305 776 1362 848 27).

1032 864 1058 918 li.
1075 864 1204 936 Denique
1229 881 1295 921 cum
1316 867 1447 938 dixisset,
1464 872 1515 927 Seri
1539 882 1578 929 cst
1602 892 1682 933 cvras
1703 882 1753 952 qni
1775 885 1852 940 misit

996 968 1137 1025 me,qaem
1152 971 1196 1011 vor
1211 957 1322 1012 nescitis
1331 975 1343 1022 ;
1360 966 1389 1012 ut
1404 961 1570 1018 ostenderet
1585 964 1625 1020 uis
1643 969 1720 1023 urrde
1734 976 1853 1040 possent

996 1042 1070 1099 sciro
1085 1044 1162 1116 quod
1180 1047 1359 1112 nesciebant,
1373 1048 1507 1119 subjecit,
1521 1053 1573 1122 Epo
1587 1057 1644 1110 raia
1655 1074 1728 1113 εεει.
1747 1060 1821 1132 drgo
1837 1078 1854 1117 ε

998 1148 1042 1187 me
1058 1135 1189 1204 quaerite,
1205 1139 1237 1190 ut
1252 1135 1350 1191 scistis
1366 1154 1444 1195 euni.
1462 1141 1555 1206 Quare
1571 1151 1667 1202 atatem
1684 1148 1744 1204 scio
1761 1150 1853 1207 eum?

997 1222 1067 1289 Quia
1077 1223 1111 1277 ab
1122 1222 1180 1294 ipso
1192 1240 1262 1285 sane,
1275 1231 1301 1280 et
1312 1227 1368 1297 ipre
1378 1243 1420 1282 ane
1431 1229 1517 1285 arisit.
1530 1231 1683 1302 Magnifice
1694 1242 1850 1311 utrumque

996 1312 1180 1367 monstravit.
1197 1314 1233 1367 rib
1257 1317 1324 1385 ipso,
1343 1317 1446 1387 inquit,
1462 1335 1544 1383 sum,·
1559 1322 1626 1393 quia
1642 1323 1729 1382 Filius
1745 1329 1779 1384 de
1795 1330 1851 1386 Pa·

995 1402 1047 1465 tre,
1063 1403 1091 1456 et
1115 1400 1256 1473 quidquid
1283 1410 1328 1459 est
1343 1404 1363 1458 F
1365 1404 1443 1476 ilius,
1458 1409 1491 1463 de
1507 1407 1555 1464 itto
1577 1415 1621 1466 est
1636 1415 1720 1484 cujus
1744 1422 1790 1473 est
1803 1419 1853 1475 Fi·

996 1489 1062 1544 iius.
1072 1490 1136 1546 ideo
1148 1492 1304 1548 Dominum
1316 1497 1416 1550 tusum
1429 1497 1555 1554 dicimus
1567 1500 1658 1557 Deum
1670 1505 1705 1559 de
1716 1505 1788 1575 Deo;
1801 1509 1854 1564 Pa·
1925 1552 1928 1562 .

995 1583 1068 1635 trem
1085 1596 1140 1634 non
1157 1582 1283 1638 dicimus
1299 1583 1390 1640 Deum
1407 1586 1442 1641 do
1457 1586 1524 1658 Deo,
1541 1592 1592 1645 sed
1606 1596 1718 1649 tuntum
1736 1595 1849 1656 Duum:

994 1673 1022 1723 et
1037 1669 1159 1726 dicimus
1175 1670 1330 1727 Dominum
1351 1674 1447 1730 lesum
1463 1677 1572 1735 Lumen
1588 1681 1621 1736 dc
1638 1683 1759 1741 Lumine
1771 1702 1779 1755 ;
1792 1685 1849 1742 Pa-

994 1760 1068 1814 trem
1086 1774 1142 1814 non
1155 1760 1279 1815 dicimus
1289 1761 1398 1818 Lumen
1410 1765 1446 1820 de
1464 1768 1593 1837 tantine,
1606 1772 1654 1826 sed
1668 1776 1783 1830 tuntum
1794 1776 1849 1832 Lu·

995 1862 1072 1902 men.
1094 1849 1136 1903 sd
1151 1848 1205 1904 hoc
1220 1865 1288 1922 ergo
1308 1852 1441 1922 pertinet,
1458 1857 1533 1926 quod
1550 1858 1629 1927 dixit,
1648 1862 1684 1916 ιι
1705 1865 1761 1934 ipso
1774 1881 1848 1921 curn.

993 1935 1072 1998 Quod
1091 1940 1186 1991 eutem
1208 1937 1373 1995 videtisne
1397 1941 1426 1996 in
1442 1959 1538 2011 carne,
1556 1948 1612 2018 ipse
1635 1965 1677 2005 me
1691 1953 1777 2007 misit.
1794 1952 1851 2010 Ubi

993 2025 1089 2091 audis,
1102 2029 1159 2098 ipse
1173 2044 1216 2083 me
1227 2028 1314 2090 misit,
1327 2031 1383 2086 noti
1399 2031 1557 2105 intelligere
1574 2041 1684 2096 nature
1700 2041 1850 2099 dissimili-

993 2115 1137 2184 tudinem,
1155 2118 1205 2173 sod
1221 2120 1386 2191 generantis
1402 2123 1613 2182 auctoritatem.

1028 2205 1055 2259 5.
1075 2205 1237 2272 Querebant
1251 2223 1316 2277 erpo
1330 2223 1393 2264 enm
1407 2212 1621 2282 apprehendere,
1637 2225 1663 2273 et
1677 2234 1756 2276 nemo
1771 2221 1849 2279 mitit

993 2295 1023 2349 in
1039 2294 1120 2350 ittam
1134 2312 1242 2357 manin,
1259 2300 1325 2369 εειε
1341 2301 1465 2355 noridrun
1481 2312 1593 2359 venierat
1609 2304 1677 2361 doro
1692 2310 1751 2380 ejus
1766 2327 1777 2366 .·
1792 2310 1848 2368 boo

993 2391 1048 2451 est,
1061 2385 1129 2455 quia
1144 2385 1269 2443 nolebat.
1283 2387 1356 2451 Ouid
1368 2393 1412 2445 εει
1422 2391 1511 2463 enim,
1522 2394 1644 2450 nondum
1656 2406 1766 2454 uenerat
1776 2400 1847 2458 bora

993 2476 1074 2546 ejus?
1089 2474 1151 2532 Nou
1166 2477 1244 2533 onim
1260 2477 1401 2536 Douriuus
1415 2482 1470 2536 sub
1484 2483 1542 2539 isto
1553 2490 1637 2541 natus
1652 2491 1705 2544 est.
1717 2490 1777 2546 iioc
1795 2506 1849 2548 uec

994 2565 1029 2619 de
1045 2568 1071 2620 te
1087 2565 1263 2622 credendum
1286 2573 1342 2636 est,
1360 2570 1464 2626 nedum
1481 2573 1517 2628 de
1534 2572 1584 2629 illo
1601 2576 1608 2610 ¹
1627 2592 1675 2646 per
1699 2594 1787 2648 quem
1803 2581 1848 2637 ιε-

995 2658 1060 2710 ειεε
1070 2670 1111 2711 es.
1123 2655 1151 2710 Si
1165 2665 1210 2710 tua
1223 2656 1293 2713 bora
1304 2657 1436 2715 voluntas
1447 2665 1491 2716 est
1502 2662 1583 2719 illius
1596 2684 1603 2733 3
1617 2665 1696 2722 iliius
1706 2666 1777 2724 hore
1787 2684 1850 2740 εεεε
1950 2718 1953 2723 .

995 2747 1048 2810 εει,
1058 2744 1112 2799 nisi
1130 2744 1264 2801 voluntas
1280 2746 1357 2802 sua?
1372 2747 1433 2804 Non
1445 2764 1514 2821 ergo
1529 2750 1630 2808 horam
1646 2753 1719 2811 dixit
1733 2771 1789 2827 qua
1801 2772 1850 2815 co·
1947 2770 1950 2777 '

995 2833 1111 2901 geretur
1135 2832 1219 2898 mori,
1243 2832 1293 2887 sed
1315 2850 1373 2904 qua
1397 2835 1564 2908 dignaretur
1592 2841 1695 2896 occidi.
1721 2843 1850 2915 Tempus

995 2920 1073 2975 enim
1098 2921 1364 2993 exspectabatque
1395 2931 1566 2998 moreretur,
1589 2931 1659 3001 quia
1683 2936 1711 2989 et
1735 2937 1850 3007 tempus

995 3011 1242 3082 exspectavitque
1258 3019 1436 3071 nasceretur.
1455 3017 1492 3071 ite
1507 3016 1561 3075 bno
1578 3024 1709 3093 tempore
1725 3028 1851 3096 Aposto-

996 3099 1042 3154 lus
1057 3099 1190 3170 loquene,
1202 3100 1261 3156 eit:
1276 3101 1342 3157 Cam
1356 3110 1449 3159 autern
1464 3108 1539 3162 verrit
1551 3109 1692 3179 plenitudo
1707 3117 1851 3186 temporis.

996 3187 1076 3242 arisit
1091 3187 1161 3243 Dece
1185 3188 1289 3243 Filiam
1310 3204 1390 3244 saum
1405 3189 1504 3261 (θεῖαι.
1521 3209 1560 3260 ιε,
1572 3195 1609 3267 ι).
1622 3197 1688 3253 ldeo
1704 3200 1790 3256 multi
1806 3202 1852 3257 di·

996 3282 1067 3333 cunt
1082 3293 1089 3332 :
1106 3278 1199 3342 Quare
1222 3293 1280 3334 non
1304 3284 1372 3334 aute
1395 3281 1474 3336 vonit
1496 3281 1652 3342 Christus?
1667 3288 1777 3353 Quibus
1802 3306 1852 3347 re-

996 3367 1849 3447 spondendumest,quianondumveneratpienitudotem·

996 3457 1085 3528 poris,
1103 3457 1270 3514 moderante
1286 3458 1335 3514 iiio
1351 3474 1502 3532 perquem
1519 3462 1595 3518 secta
1610 3469 1680 3521 sunt
1694 3470 1823 3540 tempora
1840 3485 1849 3527 t

995 3546 1106 3604 sciebat
1118 3547 1195 3603 euim
1210 3548 1328 3619 quaudo
1342 3548 1440 3605 venire
1456 3550 1582 3608 deberet.
1596 3552 1692 3610 Priario
1707 3571 1759 3627 per
1773 3556 1850 3613 mui-

997 3645 1054 3693 tam
1071 3636 1174 3694 seriem
1186 3641 1350 3710 teniporum
1362 3643 1391 3695 at
1401 3656 1544 3697 annorum
1562 3644 1763 3713 predicendue
1774 3647 1846 3716 iuit3

996 3742 1054 3784 uon
1070 3727 1146 3783 enim
1162 3726 1273 3798 aliquid
1291 3743 1412 3798 parvum
1427 3734 1582 3787 venturum
1599 3732 1653 3789 tuit
1669 3749 1677 3790 :
1691 3736 1741 3792 diu
1758 3738 1851 3795 tuerat

995 3816 1209 3888 predicandus,
1225 3832 1342 3889 semper
1356 3820 1509 3875 tenendos.
1525 3821 1640 3885 Quanto
1656 3825 1749 3897 major
1759 3827 1849 3897 judex

994 3907 1139 3976 veniebat,
1151 3911 1229 3963 tanto
1246 3923 1412 3979 precanum
1427 3908 1540 3983 longior
1550 3913 1641 3970 series
1656 3917 1848 3985 precedebat.

994 3997 1120 4069 Denique
1145 3997 1192 4054 ubi
1218 3999 1297 4055 vonit
1320 3998 1469 4070 plenitudo
1488 4004 1641 4075 temporie,
1658 4007 1736 4062 venit
1749 4013 1779 4063 et
1799 4007 1849 4067 itte

995 4087 1046 4160 εει
1057 4103 1110 4144 εεε
1125 4087 1258 4144 liberaret
1269 4104 1286 4144 e
1296 4092 1436 4162 tempore.
1449 4090 1574 4149 Libersti
1588 4095 1665 4150 enim
1678 4113 1695 4152 ε
1706 4099 1848 4169 temporo,

996 4178 1104 4234 venturi
1116 4194 1222 4234 sumus
1233 4179 1267 4235 ed
1283 4179 1475 4236 aeternitatem
1488 4180 1580 4252 iiiam,
1589 4183 1637 4238 nbi
1650 4200 1707 4239 non
1718 4190 1762 4240 est
1772 4188 1850 4241 tem·

994 4286 1071 4341 pus:
1088 4286 1140 4327 neo
1165 4270 1272 4326 dicitur
1287 4268 1338 4336 ibi,
1355 4271 1476 4336 Quando
1501 4272 1597 4327 veniet
1621 4273 1712 4342 hora;
1728 4274 1789 4330 dies
1804 4279 1849 4332 est

993 4359 1071 4415 enim
1083 4358 1292 4431 sempiternus,
1307 4359 1357 4428 εει
1374 4374 1426 4414 εεε
1442 4360 1617 4430 proceditur
1633 4360 1778 4431 hesterno,
1795 4377 1848 4420 neo

992 4450 1155 4506 excluditur
1178 4447 1317 4504 erastino.
1335 4450 1366 4503 in
1382 4448 1437 4504 boo
1449 4453 1547 4504 autom
1573 4450 1679 4507 saeculo
1695 4449 1849 4511 volvuntur

992 4538 1065 4605 dies,
1074 4542 1103 4592 ει
1117 4536 1167 4592 alii
1178 4539 1341 4605 transeunt,
1354 4541 1383 4592 et
1397 4535 1446 4591 alii
1458 4537 1577 4594 veniunt
1590 4562 1597 4606 ς
1614 4539 1714 4596 εειιεε
1730 4546 1848 4601 manet:

992 4635 1020 4685 et
1034 4635 1181 4684 momenta
1196 4626 1304 4698 quibus
1326 4625 1485 4698 loquimur,
1501 4627 1624 4686 invicem
1641 4647 1672 4688 se
1687 4631 1848 4705 expellunt,

992 4735 1045 4775 nee
1060 4721 1118 4774 stat
1130 4718 1225 4790 prima
1241 4717 1362 4791 syllaba,
1380 4722 1411 4774 ut
1430 4735 1535 4777 sonare
1548 4723 1640 4793 possit
1653 4726 1793 4783 secunde.
1811 4727 1850 4783 Ex

992 4824 1051 4880 quo
1062 4806 1212 4880 loquimur
1222 4808 1405 4881 aliquantum
1417 4809 1576 4880 senuimus,
1585 4817 1613 4868 et
1622 4813 1686 4870 sine
1697 4815 1850 4872 uiiadubi-

993 4898 1102 4954 tatione
1116 4898 1214 4955 senior
1227 4914 1295 4955 sum
1312 4900 1397 4956 modo
1412 4915 1500 4972 quem
1515 4915 1601 4958 mene
1616 4918 1622 4958 :
1635 4902 1675 4959 ita
1690 4903 1762 4959 nihii
1779 4906 1848 4975 etat,
1962 4908 1965 4913 '

994 4986 1164 5044 nibildxum
1181 4992 1279 5045 manet
1286 4989 1317 5045 ιε
1332 4994 1472 5061 tempore.
1484 4991 1586 5046 Amare
1597 4990 1694 5062 itaquo
1704 4991 1845 5051 debemus

993 5092 1044 5150 per
1054 5093 1140 5149 quem
1150 5078 1224 5136 tacta
1234 5082 1306 5135 sunt
1315 5081 1456 5149 tempora,
1469 5085 1501 5134 ut
1511 5077 1667 5143 liberemur
1677 5097 1694 5137 ε
1703 5084 1846 5154 tempore,

992 5171 1021 5223 st
1036 5166 1161 5237 figemur
1174 5167 1204 5223 in
1218 5166 1388 5234 eternitate,
1404 5166 1454 5222 ubi
1467 5167 1528 5238 jem
1543 5165 1623 5223 nulia
1638 5173 1681 5225 est
1696 5171 1847 5229 mutabili·

993 5259 1037 5313 tas
1050 5264 1226 5329 temporum.
1238 5256 1344 5328 Megas
1356 5256 1446 5329 igitur
1455 5255 1657 5314 misericordia
1668 5258 1783 5317 Domini
1794 5278 1845 5320 no·

991 5346 1043 5403 stri
1054 5347 1124 5404 teau
1134 5344 1253 5415 Gbrirtt,
1265 5344 1373 5401 iactum
1384 5356 1448 5401 esse
1458 5358 1523 5400 eum
1536 5349 1653 5418 propter
1662 5364 1716 5406 nos
1728 5350 1760 5408 in
1771 5356 1842 5408 tem·

992 5451 1071 5510 pore,
1088 5449 1139 5508 per
1153 5450 1238 5507 quem
1253 5434 1414 5491 factasunt
1429 5437 1579 5508 tempora;
1596 5436 1703 5496 tectum
1717 5456 1782 5498 sese
1795 5444 1842 5499 in·

1024 5551 1177 5616 1ιειεει.
1189 5553 1254 5603 ven.
1271 5555 1298 5602 et
1313 5552 1376 5603 Lan.
1392 5547 1439 5612 sio,
1457 5560 1555 5615 quanto
1573 5554 1658 5608 neser
1671 5556 1703 5610 de
1716 5559 1775 5614 itte.
1806 5559 1844 5612 bi.
