3952 6150
118 171 189 234 uest

117 295 241 371 propria
254 292 394 350 voluntas
409 290 502 359 ligata
521 293 573 345 est.
591 287 755 362 Euphrates
768 292 869 346 autem
884 289 944 346 flu·

118 371 186 424 vius
201 372 245 422 est
258 363 427 436 Babylonis,
443 363 518 416 siout
532 360 675 417 ieremias
690 362 720 416 in
736 362 835 417 medio
852 362 946 432 Baby·

117 441 197 496 lonis
212 438 356 493 submittit
370 436 479 489 librum
492 434 521 487 iu
540 433 717 504 Euphratem
728 432 944 505 (luennaci).

117 513 157 567 El
168 511 251 567 soluti
264 516 327 562 snat
340 513 457 576 quotuor
468 503 567 576 capell,
586 503 614 558 id
631 510 674 559 est
687 503 825 559 inchoata
845 520 948 576 perse·

119 585 200 640 cutio
215 588 267 636 est.
281 579 382 633 Parati
401 577 430 630 in
445 575 540 630 horem
563 582 586 630 et
603 575 672 630 diem
685 582 710 630 et
730 591 844 630 mensem
859 583 883 630 et
898 592 946 629 an-

119 672 195 720 esum,
217 658 247 706 ει
268 649 416 705 occiderent
438 648 548 702 tertiam
568 654 673 717 portem
692 647 864 702 honeim'um:
884 648 947 702 lraec

119 732 188 781 sunt
207 727 338 794 quatuor
354 725 489 789 tempora
512 719 640 782 triennii,
656 722 686 772 et
700 734 770 788 pars
789 720 943 784 temporis.

120 798 162 855 El
178 810 315 857 uniuersis,
332 791 439 862 inquit,
455 791 623 844 exercituum
647 788 687 843 his
700 788 833 859 myriades
847 790 948 859 myria·

120 869 195 933 duna,
211 864 305 920 andini
325 878 467 916 numerum
483 877 573 915 eorum
594 881 603 916 :
628 860 680 914 sed
696 875 756 914 non
772 862 853 924 dixit,
875 864 949 931 quot

122 938 293 1010 myriadum
307 935 355 1005 (a).
367 933 400 989 ιιι
407 933 554 987 occiderent
561 933 671 986 tertiam
678 938 783 1002 partem
793 931 949 987 hominnm:

120 1012 186 1067 hiae
201 1015 246 1064 est
257 1005 457 1077 superborum
472 1018 542 1074 pars
558 1004 650 1067 tertia,
664 1008 701 1059 de
715 1019 775 1075 qua
794 1003 949 1058 descendit

123 1080 300 1137 Ecclesia&
311 1077 368 1130 eidi
382 1092 462 1146 equos
474 1076 504 1128 iu
515 1075 625 1138 visione,
633 1080 659 1128 et
670 1075 719 1144 qni
727 1074 853 1128 sedebant
864 1088 949 1145 super

121 1170 172 1223 eos,
190 1149 318 1205 habebant
335 1148 434 1202 loricas
448 1147 550 1215 igneae,
564 1153 589 1201 et
603 1146 798 1216 hyacinthinae
811 1161 843 1200 ae
855 1146 916 1215 suls
935 1174 948 1186 ·

121 1240 195 1279 reas.
216 1224 315 1292 Equos
332 1219 469 1274 homines
489 1218 568 1281 dicit,
586 1232 716 1271 sessores
736 1232 806 1271 vero
827 1217 948 1287 spiritus

121 1309 263 1366 nequam,
282 1295 415 1346 armatos
428 1291 507 1355 igne,
523 1288 607 1343 iunio
622 1293 649 1342 ει
665 1287 787 1342 εειιεεε.
804 1288 841 1341 Ει
860 1290 949 1358 capito

122 1381 250 1438 equorum
265 1362 422 1418 erantsieut
440 1359 566 1415 leonum:
582 1362 620 1415 ad
634 1359 820 1413 saeviendum
834 1359 864 1412 in
885 1374 949 1430 per·

123 1437 286 1493 secutione.
304 1434 348 1487 Ee
360 1448 405 1486 ore
418 1447 509 1485 eorum
523 1431 580 1484 erit
595 1430 696 1500 forans,
713 1430 784 1501 ipnis
797 1437 820 1484 ει
832 1430 925 1498 saltur
939 1446 949 1484 :

123 1509 154 1565 id
166 1507 290 1575 eet,blas
314 1505 420 1559 bemiae
433 1504 469 1557 de
478 1508 752 1557 oreeorumcontra
765 1500 858 1556 Deum
869 1516 950 1570 egre·

123 1581 259 1635 diuntur.
301 1571 488 1630 auda'eoinm
505 1573 607 1627 similes
632 1572 807 1643 serpentibus.
833 1571 951 1627 Gaudes

146 1649 301 1720 reepiositos
313 1647 457 1711 diximus,
473 1646 572 1715 capita
585 1645 735 1714 principes
750 1644 905 1698 mundi.Et
920 1642 950 1698 in

123 1667 171 1776 bis
186 1725 272 1775 nocet
287 1717 436 1779 diabolus,
454 1723 481 1770 ει
496 1718 558 1770 ειεε
571 1715 618 1769 lus
632 1730 737 1769 nocere
753 1729 814 1769 non
831 1720 948 1785 potest:

126 1797 179 1848 aut
193 1792 273 1848 enim
287 1789 423 1856 sacrilegi
440 1802 524 1856 reges
539 1786 616 1841 inale
630 1786 778 1856 lubendm
791 1795 842 1840 aut
862 1784 951 1841 sacri·

124 1864 183 1932 legi
207 1861 375 1917 sacerdotes
391 1858 468 1916 ιεειε
484 1857 619 1912 docendo
636 1862 751 1912 nocent.
771 1858 807 1911 Et
825 1856 893 1917 iude,
909 1857 952 1910 in·

125 1934 202 2006 quit,
219 1933 304 1988 alium
329 1930 453 2002 eupolum
480 1935 579 2000 sortem
598 1928 792 1983 descendentem
819 1927 850 1981 de
876 1928 950 1994 calo,

126 2005 255 2061 amictum
276 2005 355 2065 nube,
371 2009 395 2056 et
415 2001 478 2066 iris,
494 2001 524 2055 id
549 2007 594 2056 est
615 2015 712 2063 arcus,
728 2001 758 2053 in
779 2000 868 2069 capite
884 2000 950 2070 ejus,

126 2084 152 2132 et
165 2077 248 2146 [acies
260 2076 316 2145 ejus
327 2079 387 2128 erat
401 2079 431 2126 ut
443 2071 632 2127 solramictus
646 2071 736 2135 nube,
747 2070 891 2125 Dominus
907 2070 952 2125 in·

127 2146 264 2219 telligitur
287 2145 414 2200 amictus
442 2143 580 2197 Ecclesia.
611 2141 749 2210 Legimus
766 2142 846 2196 enirn
866 2155 952 2196 sane-

127 2226 185 2281 tos,
201 2218 318 2283 nubes;
338 2218 414 2270 sieut
436 2215 526 2268 isaias
546 2214 624 2269 dicit.
641 2214 694 2278 (lui
717 2221 780 2267 eunt
800 2213 839 2279 hi,
855 2214 902 2283 qui
922 2217 952 2266 ut

128 2292 212 2345 irater
224 2288 316 2343 nolent
328 2285 513 2357 (lactantii
529 2284 667 2339 indutum
683 2286 783 2356 itaque
794 2283 874 2338 nube
890 2284 952 2354 spi-

128 2361 242 2425 rituali,
263 2360 292 2414 id
312 2363 367 2427 est,
387 2363 491 2411 saneto
509 2371 633 2426 corpore
651 2356 796 2410 Christum
811 2353 951 2422 intellige.

131 2434 167 2487 Et
181 2432 234 2486 iris
248 2446 329 2499 super
342 2434 421 2498 eaput
436 2429 515 2498 ejus:
535 2427 564 2482 id
580 2433 635 2491 εει,
651 2427 697 2481 εει
709 2427 855 2497 judicium
870 2424 953 2496 quod

128 2504 162 2559 iit
175 2510 202 2557 et
217 2502 297 2583 quod
313 2500 440 2555 futurum
452 2504 504 2564 est,
517 2498 563 2553 vel
576 2498 736 2569 promissio
748 2512 952 2568 perseverans,

130 2574 292 2629 Ecclesiam
306 2572 385 2627 enirn
397 2569 536 2625 describit
549 2570 579 2623 in
595 2568 854 2632 Domino,dicens,
866 2568 901 2621 Et
911 2569 954 2631 so·

128 2647 182 2701 cies
196 2645 328 2716 ejussicut
342 2642 401 2712 sol;
415 2641 443 2696 id
459 2647 512 2706 est,
528 2641 565 2695 de
578 2640 799 2695 resurrectione.
814 2640 895 2693 Sicut
910 2637 955 2692 sal

130 2718 210 2772 enim
234 2714 384 2786 apparuit,
400 2713 522 2784 qnando
545 2729 562 2767 a
582 2713 706 2765 mortuis
731 2709 900 2766 resurrexit.
920 2709 955 2764 Et

129 2788 208 2859 pedes
218 2789 277 2856 ejus
288 2786 355 2840 siem
368 2783 499 2839 colurnam
513 2783 594 2853 ipris.
603 2783 695 2837 Pedes
706 2782 863 2852 Apostolos
874 2780 955 2844 dicit,

130 2875 185 2930 per
198 2874 274 2930 quos
289 2858 319 2913 in
336 2857 474 2910 universo
488 2853 601 2908 mundo
615 2852 753 2908 doctriua
763 2852 828 2923 ejus
844 2852 958 2906 discur-

129 2933 169 2985 rit
194 2945 200 2984 :
220 2934 272 2985 aut
286 2935 371 2990 certe,
387 2928 458 2997 quia
479 2940 533 2996 pes
549 2925 714 2979 novissima
733 2940 806 3004 pars
822 2922 956 2992 corporis

131 3006 187 3056 est.
198 2999 438 3055 Ecclesiamdicit
449 3004 516 3068 post
527 2996 626 3065 ignaui
638 2996 807 3050 novissimae
818 3008 957 3064 persecu·

132 3072 222 3127 tionis
237 3071 369 3128 futuram
386 3076 558 3124 sauctorum
574 3065 748 3121 alacritatem.
766 3066 800 3121 m
813 3064 903 3135 posuit
915 3079 957 3134 pe·

131 3143 191 3198 dein
202 3158 279 3197 sutem
293 3142 431 3195 deuterum
444 3139 763 3209 superiirare,siuistruru
777 3145 865 3191 antem
878 3150 959 3206 super

132 3230 219 3278 more,
233 3213 377 3268 sinistrum
392 3218 480 3265 antem
492 3226 574 3280 super
589 3215 693 3263 terram
706 3226 715 3256 :
729 3209 758 3262 id
771 3214 824 3274 cst,
833 3208 872 3263 ad
885 3222 959 3278 preu-

133 3286 297 3341 dicundum
314 3290 394 3338 trans
411 3298 502 3344 mare,
521 3287 549 3335 et
568 3280 597 3334 iu
621 3296 758 3334 universo
773 3280 845 3334 orbe
868 3285 959 3332 terra·

132 3373 213 3413 rum.
230 3357 267 3410 llt
281 3355 410 3410 clamauit
425 3369 483 3407 uoce
502 3368 609 3421 empna,
625 3350 841 3421 quernadmodnnr
861 3348 899 3403 leo
911 3365 958 3403 ru·

151 3430 174 3482 it
198 3447 208 3483 .·
233 3427 263 3481 id
283 3434 338 3491 cst,
359 3424 471 3480 fortiter
485 3425 667 3494 praedicavit.
685 3422 721 3475 Ei
736 3439 793 3476 cuin
807 3422 958 3484 clamasset,

132 3446 223 3554 ioculo
243 3504 306 3553 eunt
327 3504 424 3566 septem
438 3498 562 3549 tonitrua
580 3510 652 3548 uoces
669 3509 822 3564 serraquae
847 3495 919 3546 εεει
932 3495 961 3545 ει

136 3575 251 3642 septem
264 3568 395 3624 tubeaEt
406 3567 593 3621 audivivocem
604 3565 737 3620 dicentem
752 3565 782 3618 de
797 3562 960 3632 calasipaa

135 3656 195 3712 quae
216 3640 303 3695 lectito
335 3646 396 3694 aurit
416 3645 516 3709 septem
540 3639 672 3701 tonitrua,
694 3635 748 3689 noli
769 3652 800 3689 ea
817 3634 960 3713 scribens:

134 3711 489 3785 propterobtundendos,
499 3714 531 3763 ut
546 3723 606 3762 nou
645 3708 736 3761 assim
750 3706 892 3760 omnibus
907 3719 960 3759 im·

135 3782 192 3856 piis
211 3787 334 3854 piuteaut
346 3782 434 3835 verba
456 3780 504 3833 bei
528 3779 591 3834 hlio
611 3723 739 3857 elisique
758 3777 823 3831 loco
841 3782 961 3854 propter

134 3871 235 3910 servos
249 3861 315 3910 tuos
338 3868 344 3908 :
361 3852 402 3906 Νε
416 3851 578 3922 sipnaeeria
596 3849 698 3920 iuquit,
717 3849 798 3903 veiha
811 3846 961 3918 prophetiae

134 3927 226 3997 hujus.
236 3927 267 3980 Et
282 3923 412 3980 ostendit
423 3924 532 3994 quihus
541 3923 651 3989 signari
660 3921 801 3989 jusserat,
811 3925 838 3973 et
850 3917 962 3997 quibus

134 4013 194 4052 non
204 4015 210 4051 ι
220 3995 272 4060 (tui
283 4000 508 4067 perseveraverit,
522 3993 627 4063 inquit,
641 4008 745 4056 eiecere,
761 3997 869 4052 noceat;
881 3995 904 4043 et
915 4004 962 4059 qui

134 4071 164 4122 ia
179 4068 303 4123 sordibus
317 4073 365 4131 est,
382 4067 513 4119 sordescat
531 4064 616 4117 odliuc
629 4067 725 4132 (Apoc.
747 4078 813 4125 xxii,
833 4065 872 4122 in,
899 4060 957 4128 lt).

137 4139 467 4207 llocest‚l‘roptereain
484 4131 963 4204 similitudiuiliusloquorillis,ut

135 4211 188 4282 qui
201 4209 300 4280 justus
321 4214 376 4271 est,
387 4206 515 4278 justiora
529 4206 627 4268 iaciat,
644 4205 778 4259 similiter
799 4211 827 4258 et
842 4208 963 4281 sanctus

135 4281 304 4342 sanctiora;
321 4280 379 4334 hoc
401 4286 455 4347 est,
474 4278 568 4332 Vestri
589 4275 690 4330 ieliccs
713 4275 800 4338 oculi,
817 4287 962 4344 quomam

135 4353 249 4415 vident,
262 4356 290 4405 et
302 4365 400 4412 aures,
413 4350 558 4420 quoniam
569 4346 694 4402 aeidimit
709 4363 714 4400 :
729 4345 791 4401 istis
805 4345 884 4399 eniri]
901 4358 963 4398 non

136 4428 207 4477 εεει
220 4423 337 4490 signata
350 4422 442 4476 verba
456 4420 533 4482 libri,
546 4419 632 4473 irralis
646 4422 744 4472 utitem
757 4417 874 4487 signata
884 4422 962 4469 εεει.

136 4496 168 4550 Et
187 4495 285 4549 'urnoit
298 4492 408 4562 oapelue
421 4491 477 4556 ille,
493 4491 617 4561 qnoniam
633 4497 733 4559 tempus
743 4489 800 4557 ,jam
820 4503 872 4540 non
885 4485 937 4539 erit
953 4502 963 4539 .·

136 4513 191 4621 sel
197 4566 227 4620 in
237 4565 328 4619 diebus
337 4564 446 4635 septimi
460 4562 560 4632 angeli,
576 4576 634 4615 cum
650 4562 758 4630 coeperit
770 4559 833 4614 tuba
845 4572 939 4612 carzere
954 4575 964 4613 .·

140 4637 267 4709 septima
288 4634 360 4690 tuba
383 4635 452 4689 linis
475 4640 519 4688 est
543 4632 755 4705 persecutionis
775 4637 802 4687 ct
817 4630 965 4685 adventus

141 4700 965 4778 DominiProptereadixithpostolusinnouissimatnha

137 4780 201 4833 fieri
218 4778 466 4833 resurrectionem
482 4776 503 4848 (l
515 4775 578 4830 Cor.
590 4773 796 4842 xv,t52).0uod
812 4780 911 4827 εειειε
929 4772 963 4825 si·

137 4856 187 4904 cut
202 4865 293 4922 supra
307 4848 420 4903 dictum
436 4852 488 4911 est,
502 4850 607 4917 quinto
625 4845 732 4913 angelo
753 4844 825 4899 tuba
840 4848 965 4898 canente

139 4922 247 4976 iteruin
261 4919 377 4975 stellam
389 4917 655 4974 dixiteeeidissede
667 4916 756 4976 coelo;
766 4916 854 4969 etiam
867 4913 967 4968 ethaeo

138 4991 223 5047 stella
238 5007 348 5061 eorpus
363 4996 407 5045 est
427 4989 590 5044 multarum
611 4987 763 5043 stellarum
779 4986 815 5040 [ιε
831 4985 916 5047 εεειο,
934 4983 965 5038 id

138 5068 184 5118 est
196 5063 233 5118 de
258 5061 386 5117 Ecclesia
401 5060 583 5124 callentium,
599 5065 626 5114 ει
647 5056 795 5125 signiticat
819 5055 965 5127 poputum

139 5134 303 5204 superbum
319 5140 348 5189 et
362 5132 500 5204 impium.
510 5131 594 5196 Quod
606 5135 706 5184 autern
719 5127 783 5183 doto
796 5134 833 5182 est
847 5129 871 5181 ei
884 5125 966 5180 clauis

138 5205 228 5275 ahpssi
238 5221 247 5269 ,’
263 5204 404 5260 dimissus
419 5207 464 5257 εει
477 5203 506 5256 iu
519 5206 664 5274 potestate
675 5201 774 5254 cordis
790 5198 846 5263 sui,
856 5207 886 5253 ut
899 5212 967 5266 ape·

139 5277 196 5331 riui
212 5291 263 5331 cor
285 5292 374 5331 suum
390 5273 523 5337 diabole,
543 5278 569 5328 et
589 5272 702 5343 absque
726 5270 784 5325 utta
804 5269 967 5325 reverentia

140 5350 372 5403 exerceatomne
381 5346 504 5401 malurn.
513 5344 597 5410 Quod
608 5349 706 5399 autern
719 5339 854 5397 aseendit
866 5341 967 5420 tumus

140 5418 299 5489 deputeo;
316 5418 415 5483 idest,
438 5415 475 5471 de
498 5414 610 5487 populo
633 5413 711 5470 malo
729 5428 735 5467 :
754 5412 969 5495 etbobscuravrt

141 5489 235 5546 solem
247 5496 275 5544 et
287 5488 407 5551 lunam:
419 5487 614 5543 obscuratum
627 5485 719 5540 sotem
731 5485 881 5549 dixit,non
891 5496 969 5537 occi-

142 5560 302 5617 disselloc
317 5561 395 5625 ideo,
406 5560 477 5632 quia
491 5556 773 5632 peecatemutorum
785 5560 814 5610 et
825 5552 969 5626 superbo·

174 5704 209 5769 la)
224 5702 266 5754 Sic
276 5703 387 5755 omnino
399 5701 552 5761 Tichoniua,
568 5703 635 5751 teste
650 5697 788 5754 Primasio.

878 158 1072 227 areanum.

1755 164 1826 233 ilbi

1001 292 1826 374 r'umhcrninumobscurareridentursolem,dumsane·

1000 366 1826 439 tisetJustisinterdumpermultastribulatiouesiaciunt

1001 437 1225 493 obscuritatem.
1240 437 1296 494 Sed
1317 439 1419 495 lumen
1434 457 1538 497 eorum
1557 445 1745 511 exstinguere
1766 462 1825 500 εοε

1001 509 1825 586 possunt,qidaillisadmalumconsentircnonaequies·

1002 584 1083 633 cunt.
1098 579 1182 643 Orroei
1199 590 1298 635 alitem
1310 582 1389 647 dicit,
1401 583 1446 637 Ee
1458 587 1532 655 trinio
1550 585 1626 655 putei
1644 586 1729 638 eaisse
1743 585 1827 640 locus·

1001 656 1054 713 tos,
1067 656 1090 702 et
1101 651 1228 720 accepisse
1256 659 1395 708 elestatem
1406 655 1522 709 laedendi
1534 674 1544 710 .·
1557 662 1581 708 ει
1593 656 1683 711 mlum
1698 666 1736 712 eet
1748 658 1825 712 eisaie

1001 721 1148 800 occiderent
1162 739 1224 792 eoe;
1236 669 1294 779 boe
1310 723 1387 789 ideo,
1407 725 1480 796 quia
1502 728 1570 780 dua
1584 731 1683 799 partes
1705 735 1774 783 sunt
1795 729 1826 782 in

1003 792 1141 873 Ecclesia,
1159 793 1308 849 bonorum
1324 796 1433 851 scilieet
1453 803 1480 852 et
1496 797 1655 852 malorum.
1673 799 1736 854 Una
1755 814 1826 871 pars

1003 878 1045 917 sic
1058 864 1222 934 percutitur
1238 871 1267 921 ut
1281 865 1456 936 corrigatur,
1473 868 1532 924 alia
1544 869 1748 940 voluptatibus
1763 871 1825 924 suis

1002 933 1187 1007 relinquitur.
1196 936 1281 1001 Ouod
1297 943 1395 993 autern
1407 939 1490 1003 dixit,
1499 939 1642 995 Cruciatur
1651 956 1744 994 cecum
1758 941 1826 995 sicut

1002 1006 1138 1061 cruciatus
1149 1007 1259 1078 scorpii,
1271 1024 1329 1063 cum
1341 1014 1458 1080 pereutit
1469 1010 1600 1066 horirinem
1612 1023 1620 1062 :
1632 1010 1690 1066 hoc
1704 1018 1773 1066 tune
1784 1013 1826 1079 tit,

1002 1078 1126 1149 quando
1139 1077 1277 1134 diabolus
1293 1078 1452 1136 luxuriosis
1465 1082 1639 1138 hominibus
1654 1097 1705 1154 per
1716 1081 1784 1137 vitia
1800 1088 1829 1135 ει

1002 1154 1135 1219 peccata,
1156 1149 1185 1204 in
1206 1149 1330 1205 ruoilum
1355 1153 1463 1225 scorpii
1485 1169 1600 1209 vetrana
1620 1153 1769 1225 propinat.
1790 1152 1827 1206 Et

1002 1235 1084 1289 super
1096 1220 1189 1290 caprile
1204 1237 1297 1275 eorum
1309 1229 1437 1295 tanquam
1452 1240 1555 1279 coronae
1571 1225 1671 1279 similer
1689 1240 1767 1278 auro.
1782 1224 1829 1278 Vi·

1003 1290 1076 1361 giuti
1092 1297 1120 1345 et
1135 1299 1264 1356 quatuor
1279 1295 1420 1357 seniores,
1436 1296 1465 1350 in
1482 1296 1593 1366 quibus
1613 1295 1743 1351 Ecclesia
1763 1295 1828 1350 des·

1003 1362 1099 1433 cripta
1116 1369 1171 1428 εει,
1192 1378 1319 1418 coronas
1341 1381 1448 1420 aureus
1467 1365 1621 1422 habebant
1636 1384 1642 1420 ε
1659 1368 1705 1421 isti
1727 1374 1828 1421 autem

1003 1433 1115 1488 similes
1128 1448 1212 1498 auro,
1226 1432 1354 1489 haereses
1367 1437 1475 1491 scilicet
1486 1453 1553 1509 quie
1565 1437 1719 1493 imitantur
1731 1436 1829 1492 Eccle-

1004 1505 1090 1559 siam.
1101 1503 1186 1569 Quod
1195 1512 1295 1560 autem
1310 1506 1433 1577 capillos
1442 1509 1593 1563 habebant
1609 1508 1784 1573 mulierum
1797 1507 1828 1563 in

1004 1575 1119 1646 capillis
1134 1591 1195 1630 non
1211 1576 1306 1632 solurn
1323 1594 1427 1633 sexum
1445 1578 1661 1644 effeminatum,
1675 1578 1727 1633 sed
1739 1580 1829 1633 etiam

1004 1647 1828 1718 utrumquescxumvoluitostenderelueaudisearum,

1004 1733 1072 1788 quae
1088 1723 1172 1772 eram
1193 1723 1340 1788 tanquam
1364 1720 1484 1791 scorpii,
1499 1721 1591 1776 duces
1615 1721 1659 1775 vel
1679 1721 1829 1792 principes

1004 1788 1211 1843 haereticorum
1223 1789 1439 1861 intelliguntur:
1452 1791 1526 1846 sicut
1539 1792 1595 1847 seri
1620 1797 1682 1846 tum
1696 1797 1749 1855 est,
1760 1791 1831 1844 Pro-

1002 1860 1081 1930 phele
1091 1859 1183 1914 docens
1196 1860 1363 1916 theuderium
1377 1861 1423 1917 hir
1436 1870 1473 1917 est
1489 1863 1586 1918 canda.
1622 1862 1737 1917 alebant
1750 1878 1830 1932 snper

1004 1947 1131 2002 serapem
1150 1930 1237 2002 alpssi
1246 1945 1256 1981 .·
1266 1931 1296 1985 id
1313 1938 1365 1997 est,
1381 1932 1546 1989 diabolum.
1561 1935 1592 1989 ln
1612 1933 1722 2005 abysso
1736 1948 1831 2005 popu-

1004 2000 1050 2056 lus
1066 2001 1164 2057 malus
1178 2002 1358 2072 intelligitur,
1376 2008 1424 2059 eui
1439 2004 1577 2060 diabolus
1591 2003 1773 2061 dominatur.
1786 2002 1832 2058 ht-

1006 2077 1069 2128 tarc
1083 2074 1164 2145 quod
1188 2073 1263 2128 dixit
1278 2091 1342 2129 esse
1362 2076 1391 2130 iu
1412 2082 1573 2148 conspectu
1590 2077 1649 2141 ltei,
1669 2074 1831 2131 Ecclesiam

1005 2144 1066 2199 vult
1081 2142 1214 2213 intelligi,
1223 2160 1291 2216 quae
1301 2146 1380 2202 velut
1392 2162 1498 2201 aurum
1513 2155 1686 2219 purgatum,
1698 2153 1831 2217 tempore

1005 2215 1177 2270 nouissimis
1193 2216 1408 2286 persecutionis
1425 2218 1535 2274 audeat
1545 2217 1741 2273 crudelissimi
1753 2216 1831 2285 regis

1003 2287 1830 2360 jussacoutemnere,etabobtemperantibusdiscedere.

1007 2358 1831 2431 Quodautemdicitquatuorangelosligatosinflumine

1008 2429 1154 2499 Euphrate
1164 2445 1171 2495 ;
1181 2428 1293 2484 lluinen
1304 2430 1470 2501 Euphrates
1482 2432 1628 2502 populum
1645 2436 1833 2502 peccatorem

1006 2500 1165 2569 signifieat,
1177 2502 1205 2554 in
1220 2516 1280 2572 quo
1292 2508 1412 2556 satanas
1424 2509 1452 2558 et
1481 2502 1580 2584 ropria
1591 2503 1727 2558 voluntas
1741 2502 1833 2571 ligata

1008 2579 1062 2626 est.
1080 2573 1244 2641 Euphrates
1264 2578 1364 2626 autem
1387 2578 1432 2627 est
1451 2519 1560 2628 lissinis
1577 2573 1748 2645 Babylonis,
1764 2588 1832 2653 quae

1008 2642 1217 2713 interpretatur
1241 2641 1391 2698 tianiusio.
1417 2644 1496 2699 Unde
1519 2646 1556 2700 ad
1582 2646 1681 2716 ipsum
1706 2642 1833 2699 flavitum

1009 2715 1165 2785 pertinent,
1179 2712 1362 2785 quicumque
1378 2730 1424 2768 res
1439 2714 1614 2770 corilusione
1629 2716 1737 2786 dignas
1753 2728 1834 2770 exer·

1009 2786 1087 2838 cent.
1102 2783 1186 2848 Quod
1202 2790 1302 2839 aretem
1318 2784 1388 2840 dicit
1403 2801 1433 2840 se
1446 2785 1556 2841 vidisse
1569 2802 1674 2857 equos,
1686 2793 1714 2841 et
1725 2787 1777 2857 qui
1788 2800 1835 2839 se-

1009 2855 1218 2925 debantsuper
1228 2854 1480 2924 ipsos,hahcbant
1490 2857 1598 2913 loricas
1608 2855 1745 2925 igneaset
1761 2856 1834 2928 hya·

1010 2925 1157 2980 cinthinus
1181 2933 1209 2979 ει
1228 2925 1374 2982 sulfureis
1389 2943 1396 2995 ;
1413 2943 1516 3007 equos,
1533 2928 1680 3002 superbos
1696 2927 1836 2983 homines

1010 2995 1090 3061 dicit,
1101 3001 1128 3050 ct
1139 3010 1286 3050 sessorem
1300 3013 1403 3051 eorum
1419 2997 1575 3053 diabolum
1587 3008 1614 3054 et
1626 2999 1749 3068 angelos
1758 2996 1834 3069 ejus.

1012 3065 1096 3132 Qiiod
1111 3072 1211 3121 autem
1231 3066 1301 3122 dicit
1323 3068 1422 3139 capita
1441 3084 1588 3139 equorum
1604 3071 1678 3126 sicut
1702 3070 1834 3136 leonum,

1011 3144 1132 3209 propter
1144 3136 1303 3194 violentam
1321 3138 1556 3207 persecutionem
1571 3139 1719 3195 malorum
1736 3139 1837 3195 homi·

1011 3225 1084 3264 num
1100 3209 1213 3264 dictum
1229 3215 1281 3263 est.
1297 3209 1334 3264 Et
1350 3226 1383 3263 ea
1397 3226 1442 3264 ore
1456 3226 1547 3265 eorum
1563 3210 1837 3283 epitaphistarum

1012 3286 1036 3335 et
1048 3278 1139 3349 saltur
1153 3297 1162 3332 :
1175 3280 1203 3333 id
1218 3286 1273 3346 εει,
1285 3279 1479 3353 blasphemias
1494 3281 1531 3336 de
1547 3297 1597 3336 ore
1613 3297 1716 3336 eorum
1732 3287 1839 3336 contra

1013 3355 1104 3407 ileum
1113 3351 1314 3420 egrediuntur.
1323 3353 1351 3407 in
1364 3352 1478 3418 caudis,
1487 3368 1554 3425 quie
1563 3360 1646 3408 erant
1658 3350 1837 3408 similesscr-
1879 3388 1881 3393 »

1012 3422 1165 3494 pentibus,
1182 3422 1256 3476 sicut
1267 3422 1331 3493 jam
1347 3439 1436 3495 supra
1451 3424 1562 3479 dietum
1579 3430 1632 3488 est,
1644 3423 1794 3548 principes
1809 3424 1837 3478 et

1013 3493 1163 3566 praepositi
1178 3498 1247 3548 sunt
1261 3493 1480 3556 haereticorum,
1493 3509 1545 3565 per
1559 3509 1636 3566 quos
1659 3493 1755 3550 aedera
1770 3508 1839 3549 con·

1013 3566 1109 3620 suerit
1123 3565 1273 3620 diabolus.
1286 3567 1342 3622 Αει
1355 3568 1434 3620 εειιε
1451 3565 1587 3635 sacrilegi
1600 3580 1684 3636 reges
1699 3564 1777 3621 male
1789 3565 1838 3636 ju·

1012 3636 1123 3699 bando,
1144 3642 1195 3691 aut
1220 3635 1351 3707 sacrilegi
1372 3637 1541 3692 sacerdotes
1564 3636 1643 3692 male
1669 3636 1806 3692 docendo
1828 3637 1836 3671 ¹

1014 3707 1384 3780 nocentxngstomqusm
1399 3708 1626 3763 dixitamictum
1643 3707 1840 3774 nabe,l)omi·

1014 3794 1071 3834 niis
1096 3786 1123 3833 et
1145 3778 1282 3833 Salvator
1297 3785 1396 3833 noster
1414 3785 1468 3843 est,
1489 3780 1616 3835 aniictus
1633 3779 1723 3846 nube,
1742 3779 1773 3833 id
1797 3784 1840 3834 εει

1015 3848 1157 3905 Ecclesia:
1169 3850 1239 3920 quia
1252 3850 1289 3903 de
1304 3850 1564 3921 siractisseripturn
1577 3855 1632 3906 est.
1644 3850 1697 3915 Qui
1709 3856 1772 3905 sunt
1782 3848 1837 3912 isli,

1014 3920 1062 3991 qui
1071 3926 1100 3975 nl
1116 3918 1196 3974 nubes
1207 3918 1410 3985 uolanttouod
1423 3928 1522 3977 autem
1534 3921 1616 3989 dixit,
1629 3922 1724 3977 Facies
1737 3924 1795 3992 ejas
1810 3927 1841 3977 ut

1014 3991 1062 4054 sol,
1077 3999 1198 4062 propter
1211 3993 1456 4048 resirrreetionem
1470 3995 1585 4049 bomini
1600 3994 1673 4049 dixit
1688 4011 1694 4048 :
1711 3991 1842 4049 sicutsol

1015 4062 1095 4116 euim
1107 4063 1255 4132 apparuit,
1268 4062 1420 4135 quaudoa
1434 4066 1557 4120 mortuis
1571 4064 1739 4120 resurrexit.
1749 4066 1779 4117 ln
1793 4078 1843 4134 pe·

1016 4133 1105 4188 dibus
1121 4135 1195 4202 ejus,
1212 4134 1264 4205 qui
1279 4140 1364 4191 erant
1388 4135 1464 4191 sicut
1483 4134 1630 4190 columuae
1645 4134 1733 4202 iguis,
1749 4136 1842 4203 Apes·

1017 4204 1067 4259 toli
1083 4203 1201 4274 figurati
1216 4211 1444 4276 sunt,perqaos
1459 4206 1488 4260 in
1503 4203 1842 4260 universomundodoe·

1018 4277 1094 4330 trina
1109 4275 1173 4347 ejus
1185 4277 1332 4331 discurrit.
1341 4276 1426 4340 Oriod
1442 4283 1553 4341 autern,
1565 4275 1655 4346 posuit
1663 4272 1752 4346 pedem
1765 4289 1842 4328 surim

1017 4346 1155 4401 dexterum
1170 4363 1252 4417 snper
1265 4363 1349 4409 inore,
1364 4346 1419 4400 boe
1436 4346 1624 4416 signiumvir,
1635 4345 1719 4418 quod
1734 4344 1844 4416 praedi·

1018 4419 1094 4473 catio
1107 4418 1171 4488 ejus
1186 4432 1279 4489 usque
1293 4426 1374 4471 trans
1386 4432 1477 4481 mare,
1488 4423 1514 4471 ct
1527 4417 1555 4472 in
1570 4418 1742 4472 universum
1757 4431 1842 4471 mun·

1018 4489 1090 4544 dum
1103 4490 1179 4543 itura
1193 4491 1283 4544 esset.
1301 4489 1511 4557 occultantem,
1527 4488 1598 4543 uelut
1614 4488 1652 4542 leo
1667 4487 1774 4558 cupiens
1787 4487 1844 4543 ela-

1018 4557 1842 4632 maorthocidaoquiaexpotestateiortiterpredicavit.

1019 4630 1105 4696 Orroei
1120 4636 1219 4685 autem
1234 4630 1478 4702 disrumperem
1492 4629 1578 4686 bonta
1591 4637 1761 4700 sunteeptem
1776 4630 1845 4684 toni-

1019 4710 1092 4766 trua,
1103 4705 1224 4773 propter
1234 4700 1565 4757 obtundendosdictum
1575 4706 1629 4767 est,
1641 4703 1677 4756 de
1715 4701 1801 4757 uibus
1814 4701 1844 4756 in

1022 4771 1189 4842 Evangelio,
1198 4772 1288 4827 Nolite
1298 4780 1418 4827 satiatum
1429 4772 1495 4827 dare
1507 4770 1616 4828 carellus
1625 4773 1701 4839 lllatt
1723 4813 1729 4825 .
1742 4772 1823 4842 rir,6)
1837 4788 1843 4826 :

1020 4845 1118 4908 idest,
1137 4849 1166 4897 ει
1182 4859 1241 4897 εοε
1258 4844 1371 4914 passim
1387 4845 1528 4899 omnibus
1549 4843 1649 4915 impiis
1664 4849 1766 4916 pateat
1779 4858 1846 4898 ver·

1020 4915 1093 4969 burn
1119 4914 1178 4967 Dei.
1195 4913 1257 4968 Alio
1279 4914 1408 4996 denique
1427 4915 1493 4970 loco
1516 4920 1637 4987 propter
1659 4931 1759 4970 servos
1774 4929 1845 4969 suos

1021 4986 1095 5040 dixit
1112 5002 1117 5039 :
1134 4984 1175 5041 Ne
1190 4986 1347 5056 ripnaoeria
1363 4987 1471 5058 inquit,
1488 4984 1567 5042 uerba
1580 4985 1731 5058 prophetiae
1747 4985 1840 5056 liujus.

1023 5060 1054 5111 Et
1067 5058 1197 5111 ostendit
1211 5057 1321 5128 quibas
1335 5057 1448 5127 signari
1461 5057 1590 5128 jusserit,
1603 5065 1631 5114 et
1641 5058 1752 5129 quibus
1763 5070 1844 5111 uon:

1023 5128 1075 5194 Qui
1085 5130 1308 5197 perseveraverit,
1326 5128 1433 5200 iuquit,
1455 5144 1558 5193 nocere,
1573 5134 1666 5184 noceat
1684 5147 1695 5184 :
1716 5134 1741 5182 et
1755 5128 1803 5197 qui
1817 5129 1846 5181 in

1021 5197 1145 5254 sordibus
1160 5204 1207 5263 est,
1221 5200 1353 5253 sordescat
1367 5198 1464 5254 adhuc.
1481 5202 1553 5255 Eece
1567 5199 1679 5271 quibus
1695 5200 1845 5268 signatum

1023 5270 1194 5325 cstverbum
1207 5268 1266 5325 Dei.
1276 5271 1468 5342 Proptereain
1482 5268 1730 5326 similitudinibus
1742 5268 1848 5340 loquor

1022 5341 1088 5407 illis,
1103 5346 1134 5395 ut
1149 5341 1200 5413 qui
1219 5340 1320 5412 iustus
1336 5347 1390 5407 est,
1404 5341 1531 5412 justiora
1545 5341 1644 5405 iaciat,
1662 5339 1796 5396 similiter
1820 5343 1849 5395 et

1023 5417 1143 5468 sanctus
1158 5412 1317 5468 sanctiora.
1336 5414 1405 5468 Eece
1416 5413 1527 5483 quihus
1543 5410 1693 5482 signatum
1710 5426 1771 5468 non
1787 5415 1843 5467 ast.

1023 5486 1119 5550 Quam
1129 5498 1190 5538 rem
1200 5498 1320 5538 oremus
1333 5490 1362 5540 ut
1375 5485 1463 5540 etiarn
1478 5485 1508 5540 in
1521 5483 1739 5557 nobisimplere
1751 5480 1848 5539 Domi·

1054 5699 1063 5731 ¹
1079 5695 1152 5759 blas,
1167 5695 1341 5758 prelucida.
