3952 6150
110 238 191 300 1453
717 231 950 296 uetustius
973 232 1050 297 vlit.
1074 234 1202 302 CAPUT
1225 239 1263 300 II.
1790 252 1868 312 ΗΜ

105 373 224 445 etiqnid
241 371 382 430 edversus
399 385 500 428 senem
515 370 603 429 tidem
619 368 798 426 insanientes
818 368 963 424 invenisse
1016 376 1171 447 utrumque
1179 391 1280 432 serum
1292 379 1357 435 esti
1372 378 1416 435 itti
1433 384 1530 437 entem
1543 382 1571 437 in
1590 397 1622 439 ρο
1637 385 1738 440 volunt
1751 386 1869 443 ,pedm

106 463 276 532 videentur,
293 462 370 519 unde
384 476 497 535 sponse
521 460 642 534 uirginis
656 458 772 517 uestitus
792 474 963 530 corrumpe·
1016 462 1215 537 Euergetiste,
1232 469 1309 540 quod
1325 477 1422 526 nerret
1437 470 1540 529 iesum
1562 473 1669 530 dixisse
1684 476 1782 535 metri,
1798 477 1870 544 Quid

105 555 166 624 tur,
178 552 210 609 id
220 556 274 623 est,
284 551 362 608 unde
372 550 444 609 lidos
455 550 588 608 Foetesie
598 548 731 607 violetur.
747 547 857 605 Rsvsre
871 547 960 614 enim,
1015 552 1088 611 milu'
1096 560 1122 609 et
1137 555 1189 612 tibi
1200 561 1248 625 est,
1261 559 1362 614 mulier
1375 562 1389 614 i
1403 565 1431 616 et
1444 561 1474 616 in
1487 576 1520 617 eo
1536 562 1641 621 nolunt
1650 565 1766 621 eredere
1781 568 1869 621 tivum

104 642 222 709 lustres,
233 641 432 714 corrumpitur
442 639 623 697 lideseorum
634 638 684 712 qni
696 641 868 710 proponunt
878 650 962 692 meu·
1016 642 1124 714 geliets
1134 644 1213 718 quod
1222 647 1273 713 ett,
1285 648 1398 705 Erutiti
1412 653 1587 714 materiem:
1601 657 1640 722 et,
1653 653 1729 709 oreo
1742 655 1769 711 ei
1782 660 1870 711 muter

103 732 225 788 derium
243 730 370 788 veriteti.
384 730 461 787 Nem
476 728 525 787 isti
546 730 595 802 qui
613 728 748 785 uidentur
761 728 804 784 sie
819 726 962 782 bonorsre
1015 731 1082 799 ejus.
1099 732 1169 796 Quis
1184 737 1228 789 sst
1242 738 1340 791 eutem
1351 737 1400 807 qui
1415 738 1525 794 resistit
1540 740 1667 810 serpenti
1685 748 1712 795 st
1727 743 1806 797 tenet
1821 756 1871 798 ne-

103 820 270 890 Christum,
296 825 328 877 ut
352 825 459 894 negent
480 834 548 877 enm
571 834 687 876 oernem
712 816 862 884 hebuisse,
888 813 960 871 nihil
1016 818 1143 887 ritatem,
1168 822 1254 894 ouius
1280 825 1431 896 virginites
1462 828 1558 885 cordis
1591 846 1648 886 non
1673 829 1871 903 corrumpitur

103 911 186 967 eliud
216 926 283 968 eum
310 926 398 985 quem
425 910 594 968 mendeoem
622 908 790 981 predicent.
819 906 872 974 Qui
893 919 962 976 ergo
1017 910 1871 992 estutiedieboli'iQuiutrumquevsrumoredit;etquis

104 1000 295 1058 messanum
312 999 499 1057 edificentia
513 999 693 1067 hominibus.
713 997 784 1072 quse
799 997 836 1053 ab
851 995 895 1052 ete
913 1009 962 1051 ex·
1016 1005 1078 1057 eret
1102 1001 1141 1056 tet
1167 1007 1261 1059 meter
1283 1007 1362 1074 seen,
1387 1014 1413 1061 er
1429 1007 1499 1078 quis
1521 1007 1593 1065 ium
1618 1009 1770 1082 responsu
1784 1010 1869 1068 mein

103 1089 234 1162 pellunt,
248 1090 306 1147 nisi
321 1089 490 1147 veritetem't
500 1088 670 1147 immittunt
682 1086 842 1150 diebolum,
862 1082 962 1141 exelu-
1015 1089 1112 1147 Jssus.
1128 1090 1182 1147 Sed
1197 1093 1364 1150 sinendum
1381 1094 1520 1168 intelligit
1530 1098 1870 1168 quemadmunnmuixe·

103 1180 334 1237 duntChristnm
345 1174 866 1248 3immittuntedulterum,excludunt
876 1193 963 1250 spon·
1015 1180 1054 1236 rit
1071 1180 1170 1251 iesus,
1186 1183 1261 1254 Quid
1276 1185 1382 1241 mittet
1405 1186 1457 1241 tibi
1474 1189 1523 1256 eet,
1537 1186 1661 1244 multer?
1674 1187 1793 1246 interim
1807 1204 1871 1246 ers·

103 1287 199 1329 sum:
226 1269 417 1347 paranymphi
443 1269 563 1337 scilieet,
581 1269 626 1327 vel
653 1270 749 1342 potius
763 1269 882 1328 lenones
903 1282 962 1326 ser-
1016 1269 1066 1327 det
1087 1271 1157 1342 quod
1182 1271 1297 1343 dixerit,
1318 1281 1346 1330 et
1369 1276 1444 1345 quod
1469 1275 1555 1332 metri
1579 1277 1695 1334 dixerit.
1717 1277 1760 1334 sit
1774 1276 1869 1350 primo

105 1360 216 1433 pontis.
233 1360 272 1415 ed
288 1359 344 1416 hoe
359 1361 437 1416 enim
453 1358 614 1433 loquuntur
628 1364 660 1415 ut
674 1374 794 1431 serpens
805 1357 961 1432 possident,
1017 1359 1109 1432 pietes
1125 1361 1155 1416 in
1171 1362 1316 1430 erodente,
1333 1366 1361 1419 et
1376 1363 1431 1420 erit
1445 1363 1555 1421 lruutue
1569 1364 1600 1421 iu
1616 1364 1806 1439 intelligente.

103 1451 240 1507 Christus
270 1449 450 1506 exoludetur.
480 1449 630 1514 Quomodo
664 1448 794 1521 possidet
819 1447 963 1521 serpenti
1051 1450 1078 1503 7.
1093 1448 1242 1524 interrogo
1257 1467 1317 1521 vos,
1334 1452 1466 1509 ofldoles
1483 1452 1652 1523 Christiani,
1670 1454 1740 1510 litet
1752 1454 1793 1511 ibi
1808 1470 1869 1513 me·

105 1539 232 1607 Quando
251 1539 382 1610 possidet
401 1537 595 1595 mendacium.
623 1538 744 1603 Quando
762 1536 892 1610 possidet
913 1535 963 1591 lel-
1016 1538 1141 1596 terJesu
1156 1538 1170 1595 i
1184 1541 1369 1613 respondete,
1382 1542 1459 1598 uret.
1477 1541 1558 1599 Unde
1569 1542 1672 1599 scitis?
1686 1542 1870 1615 respondete,

104 1630 191 1697 sites,
225 1644 345 1701 serpens
373 1629 504 1703 possidet
524 1646 531 1686 :
556 1629 674 1700 quendo
689 1629 818 1700 possidet
846 1628 962 1699 sorites,
1016 1629 1076 1685 iloe
1091 1629 1220 1702 loquitur
1244 1631 1444 1704 Evangelium.
1461 1631 1538 1700 Quid
1552 1632 1703 1704 respondit
1717 1630 1806 1690 metri
1820 1630 1871 1689 Je-

105 1719 245 1777 Christus
269 1720 410 1792 possidet.
436 1719 500 1792 lpse
521 1719 599 1775 enim
621 1719 705 1788 dixit,
718 1721 847 1789 Eoeeum
860 1717 962 1773 euritue
1016 1734 1067 1775 sus
1081 1717 1095 1772 ‘i
1110 1720 1290 1793 respondete,
1308 1720 1377 1789 Quid
1391 1721 1463 1778 miti
1477 1729 1502 1778 et
1514 1722 1567 1778 tibi
1587 1727 1637 1791 eet,
1660 1722 1761 1779 mulier
1773 1719 1789 1777 i
1802 1736 1872 1778 uou-

106 1812 200 1882 [Jeun.
218 1826 276 1878 xm,
291 1809 319 1881 u)
332 1824 340 1865 τ
355 1811 390 1866 de
406 1808 456 1866 illo
470 1816 568 1866 eutem
585 1808 668 1879 dixit,
685 1809 716 1864 st
730 1809 762 1865 ie
775 1809 889 1865 ueritate
907 1823 963 1863 nou
1016 1806 1082 1862 dum
1096 1807 1172 1864 venit
1187 1809 1255 1866 bero
1269 1824 1340 1866 meu.
1358 1810 1391 1865 tlt
1404 1809 1459 1867 boe
1473 1810 1550 1867 unde
1565 1809 1670 1867 eritis?
1685 1809 1859 1883 respondete

104 1902 194 1969 stetit,
208 1902 275 1973 puio
288 1900 390 1955 neritus
405 1914 459 1956 nou
474 1906 512 1954 eet
525 1900 557 1953 iu
584 1913 614 1955 eo
627 1899 678 1967 (ld.
694 1915 757 1965 vus,
780 1897 837 1969 tt).
856 1898 904 1954 Sin
918 1898 964 1954 eet
1018 1897 1077 1954 Hoe
1101 1899 1232 1971 loquitur
1256 1900 1454 1974 Euergetium.
1479 1899 1584 1958 Nullus
1598 1900 1683 1959 uobis
1707 1902 1876 1973 eorrumpet

104 1996 207 2048 eutem
222 1989 330 2047 veritus
351 1988 494 2062 Chrletus,
518 1993 551 2045 ut
565 1993 660 2046 toturn
676 2005 777 2046 verum
792 1987 918 2060 eoeipies
931 1987 963 2045 ln
1017 1992 1092 2050 bene
1107 1991 1207 2063 iidem,
1224 1993 1249 2052 si
1264 1994 1353 2052 vultis
1368 2009 1473 2067 sponse
1489 2009 1605 2054 semme
1619 2000 1731 2051 essum
1750 1990 1875 2066 virgini-

104 2080 234 2137 Christo.
260 2079 368 2136 Verum
392 2077 531 2149 Verbum,
547 2078 624 2136 Deus
640 2077 760 2152 equalis
785 2076 875 2146 PetrI,
896 2091 964 2135 sere
1018 2084 1116 2139 tetum.
1132 2082 1163 2140 si
1179 2092 1275 2142 eutem
1292 2085 1432 2158 queritur
1446 2102 1463 2142 e
1479 2082 1572 2154 vohis,
1588 2099 1639 2141 our
1653 2083 1708 2141 hoe
1722 2081 1810 2140 metri
1825 2095 1872 2139 re.

104 2169 221 2240 enims,
238 2187 305 2228 uere
320 2185 397 2240 uero,
413 2186 499 2226 uerus
514 2169 614 2239 homo,
630 2185 716 2226 verus
731 2168 897 2237 Deus,vere
911 2183 963 2225 ne·
1019 2173 1168 2244 sponderit
1185 2191 1192 2241 ς
1213 2174 1291 2232 diuet
1315 2175 1366 2247 qui
1380 2174 1541 2247 intelligit:
1564 2175 1611 2247 qui
1627 2177 1725 2232 eutem
1741 2171 1874 2230 nundum

104 2261 218 2331 tivites,
239 2276 305 2317 vere
333 2259 440 2334 peesio,
471 2277 537 2317 vere
567 2277 654 2328 mors,
684 2275 751 2316 rere
780 2259 962 2317 resurreetio.
1016 2261 1163 2334 intelligit,
1179 2264 1350 2323 firmissime
1366 2269 1464 2322 temen
1481 2264 1592 2332 credet,
1610 2261 1876 2336 boorespondisse,

103 2350 134 2407 Si
151 2350 263 2423 eliqoid
279 2349 383 2406 borum
399 2350 509 2407 dixeris
531 2349 649 2419 lelsum,
666 2350 758 2407 intret
776 2350 911 2422 putredo,
928 2348 963 2404 de
1018 2358 1047 2411 st
1063 2362 1158 2411 temen
1174 2355 1261 2412 metri
1272 2355 1458 2427 respondisse
1467 2354 1578 2411 lesum.
1591 2353 1650 2411 ileo
1660 2353 1767 2427 pietete
1782 2367 1874 2410 mere-

104 2455 221 2496 veneno
235 2438 377 2512 serpentis
392 2446 554 2497 nesountur
564 2456 673 2497 vermes
689 2438 919 2511 mendosiorem,
935 2441 964 2495 et
1018 2445 1098 2501 bitur
1111 2445 1198 2503 otium
1214 2443 1375 2520 intelligere
1390 2461 1441 2503 eur
1459 2444 1501 2500 lte
1515 2441 1708 2515 responderit,
1724 2442 1749 2498 si
1765 2441 1873 2499 orendo

106 2530 181 2586 nihil
200 2529 349 2603 integrum
365 2530 535 2587 remanebit.
1018 2534 1125 2609 pulset,
1142 2541 1171 2593 st
1186 2552 1244 2593 non
1260 2535 1381 2593 rixendo
1404 2535 1522 2593 eeeedet
1543 2532 1581 2590 ed
1602 2530 1711 2589 ostium
1731 2530 1872 2589 veritetis.

143 2621 172 2675 6·
189 2619 265 2684 Ouid
289 2624 333 2676 osi
347 2635 427 2692 eigo,
441 2618 548 2694 Inquit.
570 2620 646 2691 ‘liwd
662 2620 702 2676 till
719 2619 874 2688 Dominus,
890 2617 965 2688 ΟΜ
1017 2626 1144 2683 'lentum
1160 2629 1269 2696 eeueet,
1286 2641 1323 2683 ne
1336 2624 1406 2682 dum
1421 2640 1452 2681 se
1468 2625 1551 2696 putet
1565 2622 1652 2692 seire,
1663 2624 1714 2677 eut
1728 2618 1873 2677 erubescit

104 2710 221 2767 mihist
241 2710 358 2780 tibieet,
385 2711 513 2767 mutter?
534 2710 617 2767 Forte
635 2709 665 2767 in
680 2726 713 2767 eo
733 2710 811 2782 quod
827 2709 960 2782 sequitur
1019 2716 1132 2773 neeeire
1156 2732 1209 2773 our
1234 2717 1275 2773 ite
1309 2712 1505 2788 responderit,
1529 2715 1651 2784 cogetur
1678 2708 1797 2767 eredere
1821 2712 1873 2767 eut

104 2799 238 2858 ⁰³I0¹¹dll
254 2798 336 2856 ¹¹⁰bl!
352 2798 495 2856 ⁰⁰¹¹¹I¹¹¹¹⁸
514 2814 601 2872 (issiri
616 2798 671 2856 ¹¹⁰⁰
686 2799 810 2855 dimili
826 2799 962 2868 Nondum,
1017 2806 1232 2881 Euergetistem
1248 2806 1340 2864 luisse
1355 2805 1512 2863 mentitum
1525 2801 1575 2874 qui
1586 2801 1638 2868 eit,
1650 2802 1717 2857 lirot
1731 2798 1772 2856 ibi
1784 2810 1874 2857 morer

109 2890 222 2963 inquit,
237 2891 313 2946 ‘’illi''
327 2888 397 2945 ΜΝ
411 2904 482 2946 meu.
497 2890 544 2945 ⁸⁵⁰
557 2890 633 2946 ⁰⁰³¹st
645 2888 694 2958 ⁸5¹2
708 2888 779 2959 Quid
794 2888 901 2948 millia
914 2890 965 2946 'lbi'
1016 2898 1080 2954 iesu
1094 2915 1104 2953 .·
1119 2902 1170 2954 eut
1184 2897 1280 2968 ipsum
1303 2896 1449 2953 Christum
1476 2892 1550 2950 lelse
1565 2896 1656 2948 morte
1671 2905 1789 2963 pessum
1805 2903 1873 2960 pro-

108 2989 160 3046 est,
175 2979 308 3035 muller?
323 2978 445 3034 ”vudum
464 2980 540 3036 veui!
564 2977 631 3036 ΛΟΜ
645 2994 717 3036 Μ.
734 2982 767 3034 Ei
783 2978 837 3034 ὑοῦ
853 2992 906 3033 tur
920 2976 963 3033 dl·
1019 2990 1081 3057 pter
1095 2985 1201 3043 delicte
1215 2990 1323 3053 nostre,
1334 2989 1362 3041 et
1372 2983 1459 3041 ielses
1474 2981 1625 3040 oioutrices
1636 2980 1798 3038 ostendisse
1809 2992 1874 3050 pro·

108 3073 190 3125 ctum
203 3068 253 3138 sit,
265 3069 471 3139 requirendum
484 3065 781 3138 eetPriusergohine
792 3067 965 3125 resistemus
1019 3079 1083 3148 pter
1095 3073 1330 3146 justifloetIonem
1351 3077 1482 3130 nostrum
1500 3092 1508 3143 3
1524 3071 1693 3142 selsumque
1707 3067 1826 3134 dixisse,
1840 3063 1873 3123 Si

109 3158 270 3218 hereticis.
280 3157 355 3224 Quid
370 3160 440 3215 dieit
454 3175 576 3233 serpeus
590 3162 771 3227 veternosus,
787 3174 964 3216 uenenorum
1017 3164 1179 3221 manseritis
1205 3164 1235 3220 in
1250 3163 1330 3220 verto
1346 3177 1413 3230 meo,
1439 3177 1501 3218 nere
1515 3158 1651 3232 discipuli
1668 3159 1725 3214 mei
1742 3157 1808 3214 estis
1820 3172 1832 3221 ,·
1846 3163 1873 3212 ss

106 3249 276 3307 iusihiletor
290 3255 317 3306 et
331 3249 488 3322 inspiretur
502 3249 669 3322 entiquus?
691 3249 762 3323 quid
776 3248 847 3306 dioit
864 3247 879 3304 i
900 3248 964 3308 Non
1017 3253 1185 3327 copnoeoetis
1197 3253 1348 3318 ueritatem,
1359 3255 1385 3307 et
1400 3247 1501 3307 veritm
1516 3247 1699 3304 liberalitem
1710 3245 1800 3317 (loon.
1811 3258 1871 3311 vsu,

107 3339 217 3397 hsshust
231 3347 352 3397 mmm
376 3339 514 3396 f0ffllss⁸ffl
534 3340 630 3398 Jem-
654 3337 735 3395 ⁰⁰⁶⁰
750 3338 878 3413 brobii?
891 3338 965 3404 Quin
1017 3344 1063 3413 sl,
1079 3344 1136 3416 32).
1152 3343 1182 3399 Si
1197 3342 1275 3401 enim
1291 3342 1364 3399 ielse
1384 3345 1487 3403 meter.
1509 3337 1582 3395 leise
1597 3354 1674 3404 uero,
1691 3335 1765 3392 lelse
1781 3348 1870 3399 mors,

106 3432 195 3503 dixit,
217 3430 321 3503 inquit,
338 3430 412 3502 Quid
430 3431 500 3487 miti
514 3433 541 3488 et
552 3431 606 3488 tibi
619 3436 668 3499 eet,
684 3430 812 3487 mulier?
825 3429 894 3496 Quis
910 3429 964 3487 hoo
1018 3427 1628 3504 istsevulnerspessionis,lelseeieetriess
1638 3421 1869 3489 resurreetionie3

108 3522 251 3592 nemesii,
263 3520 458 3578 utoredemus
471 3519 540 3594 quie
551 3521 606 3578 boo
616 3520 710 3576 dixit?
720 3520 786 3593 quis
798 3519 851 3576 boe
862 3534 963 3575 nurre·
1018 3521 1346 3580 nonveritesoredentes
1356 3520 1386 3576 in
1397 3516 1534 3586 eum,eed
1542 3512 1757 3589 potiustetsitee
1767 3511 1870 3569 libere·

107 3611 180 3667 uit?
202 3608 310 3683 Nempe
333 3611 459 3667 toennes
479 3608 666 3681 evangeliste.
690 3610 727 3665 et
750 3608 813 3680 ipse
836 3608 962 3664 toennee
1017 3611 1070 3668 bit.
1086 3611 1229 3669 imovero
1245 3603 1595 3672 telsiteseedetveriteti,
1613 3607 1641 3660 et
1655 3601 1872 3660 contundentur

107 3698 288 3774 evengeliste
303 3699 387 3766 dixit,
397 3700 428 3755 lit
442 3698 554 3756 erotibi
567 3704 654 3756 muter
667 3700 739 3755 iesu.
755 3696 826 3753 Nem
842 3696 882 3753 ite
896 3712 962 3752 ner·
1017 3716 1118 3758 ornnes
1137 3698 1186 3772 qui
1209 3702 1361 3772 propterea
1384 3710 1415 3753 se
1437 3693 1539 3751 volunt
1556 3691 1647 3749 videri
1661 3705 1786 3758 serenes,
1802 3689 1872 3763 quie

106 3796 184 3848 revit
199 3808 208 3847 ε
224 3792 317 3849 ditem
330 3792 375 3848 die
389 3791 497 3860 nunties
514 3793 600 3860 scruter
613 3797 678 3846 eunt
692 3790 722 3845 iu
738 3789 815 3845 Curru
828 3788 962 3857 dolitum,
1017 3789 1162 3847 Christum
1178 3792 1321 3845 conentur
1335 3787 1536 3844 demonstrare
1550 3781 1682 3839 leileoem
1697 3797 1706 3851 ;
1722 3783 1752 3837 et
1767 3777 1872 3837 uolunt

104 3887 132 3937 et
148 3885 212 3937 erut
226 3879 267 3935 ibi
280 3886 371 3935 muter
384 3882 455 3938 lesu.
470 3883 689 3936 Veneratoutem
701 3876 772 3933 illue
782 3879 917 3934 inuitatus
927 3876 963 3934 od
1017 3879 1073 3937 sibi
1088 3880 1157 3948 diei,
1172 3878 1235 3936 Non
1259 3878 1342 3935 vobis
1356 3877 1503 3935 oredimus
1516 3875 1586 3946 quis
1601 3870 1785 3939 mentimini;
1802 3884 1871 3928 oum

106 3975 295 4043 nuptioecum
311 3970 455 4044 discipulis
465 3970 533 4026 suis.
550 3970 695 4027 Tenemus
711 3969 782 4025 dues
801 3969 963 4025 sententies
1016 3970 1110 4043 ipsum
1126 3970 1274 4026 veritetem
1285 3968 1385 4025 dicent
1395 3982 1458 4024 esse
1468 3964 1630 4023 mentitum.
1643 3961 1755 4027 Quibus
1770 3964 1870 4018 temen

108 4064 149 4119 eb
172 4061 357 4135 lieengeliste
370 4061 504 4134 prolutus.
522 4062 588 4117 drot
609 4059 650 4115 ibi
669 4066 758 4115 muter
776 4060 848 4126 lesu,
868 4058 961 4114 liren-
1017 4061 1041 4118 si
1056 4062 1197 4127 disemus,
1213 4057 1294 4116 Unde
1309 4056 1520 4115 nostisdixisse
1536 4053 1697 4119 Christum,
1716 4049 1787 4121 Quid
1800 4049 1872 4109 miii

103 4151 214 4225 gelista
228 4152 315 4208 dixit:
331 4151 404 4224 quid
414 4151 517 4209 dixerit
528 4151 613 4207 metri
624 4150 787 4218 srraetesus,
797 4148 962 4222 ipseilven·
1016 4159 1042 4207 et
1051 4149 1106 4207 tibi
1114 4157 1163 4218 est,
1174 4144 1467 4219 mutieribuengelio
1477 4161 1508 4202 se
1518 4143 1673 4201 eredidisse
1684 4140 1870 4212 respondent.

105 4243 215 4317 geliste
237 4243 318 4301 dixit.
344 4243 377 4299 iit
400 4241 547 4315 quomodo
570 4241 639 4298 dixit
664 4240 852 4314 respondisse
876 4239 962 4296 metri
1016 4238 1074 4297 Cur
1093 4255 1151 4296 non
1174 4237 1296 4295 eredunt
1315 4234 1470 4308 Evangelio
1493 4232 1614 4299 dicenti,
1639 4231 1706 4286 seat
1731 4229 1770 4285 ibi
1783 4236 1871 4285 meur

106 4352 170 4392 eus
184 4332 299 4405 iesum,
314 4338 346 4389 ut
361 4333 455 4405 primo
469 4331 589 4399 diceret,
604 4332 650 4387 Ait
673 4331 718 4386 itti
728 4336 817 4386 muter
830 4329 900 4402 ejus,
914 4329 961 4386 vi·
1016 4330 1079 4388 issu
1092 4346 1103 4395 ,·
1117 4332 1157 4398 et,
1174 4326 1254 4384 binii
1277 4326 1304 4384 si
1327 4331 1419 4382 muter
1431 4325 1517 4397 ejus?
1540 4323 1599 4377 Aut
1621 4318 1645 4376 ei
1659 4318 1715 4374 hoo
1730 4314 1872 4374 mentitur

105 4425 184 4491 dete,
201 4422 317 4491 lustres,
342 4427 372 4479 ut
388 4423 527 4480 universus
545 4420 678 4494 linguem
698 4419 843 4492 serpentis
862 4418 962 4475 muni-
1017 4415 1373 4490 Evangelium,quomodo
1388 4413 1414 4469 ei
1428 4408 1647 4482 crediturquod
1658 4406 1762 4465 dixerit
1770 4405 1868 4473 Iesus,

104 4520 168 4571 tem
190 4512 387 4587 virginitatem
402 4511 497 4570 cordis
513 4510 654 4568 bebeutis.
670 4508 733 4567 lille
753 4509 782 4565 in
799 4509 863 4582 ipso
873 4509 963 4565 heen-
1017 4507 1088 4577 Quid
1101 4505 1173 4562 miii
1187 4514 1213 4563 et
1225 4504 1279 4562 tibi
1292 4507 1341 4572 eet,
1358 4500 1483 4558 mulieri
1498 4498 1556 4556 Cur
1570 4514 1629 4556 nou
1645 4495 1742 4570 potius
1759 4495 1869 4564 miseri,

104 4602 184 4679 gelio
199 4618 234 4659 eo
257 4600 322 4675 ipso
345 4600 521 4675 evangeliste
545 4603 683 4658 nerrente
707 4597 824 4668 dieitur,
841 4600 964 4656 bruttii
1016 4601 1045 4654 et
1060 4597 1136 4669 quod
1151 4594 1191 4651 ite
1202 4610 1260 4652 non
1273 4596 1426 4661 extrenee,
1437 4589 1488 4647 ssd
1502 4587 1589 4646 metri
1599 4587 1871 4658 Dominusrsepon·

103 4693 342 4759 metuissent,
358 4692 435 4747 uiuit
449 4691 494 4747 itit
504 4696 593 4747 muter
613 4690 682 4759 eius.
702 4688 772 4755 Quis
786 4687 841 4745 hoe
856 4703 962 4745 nerre·
1016 4684 1102 4754 derit,
1127 4684 1252 4741 fideliter
1272 4683 1395 4740 eredunt
1411 4699 1418 4749 ;
1434 4683 1463 4738 et
1484 4695 1535 4737 eur
1549 4678 1589 4736 ite
1612 4677 1805 4752 responderit,
1824 4674 1871 4749 ple

104 4784 177 4840 riti
200 4784 328 4841 toenues
342 4781 531 4855 stengelius.
551 4783 587 4837 Et
609 4780 679 4853 quid
703 4779 854 4852 respondit
876 4778 963 4836 metri
1016 4773 1173 4849 querenti
1188 4772 1307 4833 linitum
1323 4771 1401 4829 enim
1416 4771 1538 4829 Interest
1550 4768 1628 4827 inter
1640 4784 1708 4826 eum
1723 4767 1774 4840 qui
1789 4764 1870 4865 dieii,

104 4876 193 4933 Iesus
203 4874 220 4931 ‘i
232 4874 305 4944 Quid
314 4874 386 4931 mibi
394 4877 419 4931 et
429 4872 483 4930 tibi
496 4879 545 4937 eet,
556 4872 680 4929 mulier?
693 4870 764 4938 Quis
779 4870 832 4929 hoo
843 4870 965 4929 nerreti
1016 4865 1088 4924 Volo
1103 4864 1177 4923 seire
1196 4879 1285 4936 quere
1300 4861 1432 4918 cbristus
1447 4860 1502 4918 boo
1516 4857 1602 4916 metri
1628 4854 1826 4928 responderim
1842 4855 1871 4954 et

105 4965 265 5038 idemipse
278 4964 408 5022 toennes
422 4961 642 5035 evangelistes
658 4960 964 5035 desepelistelldelis·
1017 4970 1084 5012 eum
1100 4954 1151 5026 qui
1175 4954 1256 5022 dioit,
1283 4950 1349 5008 Soio
1367 4953 1443 5023 quod
1469 4949 1524 5006 boe
1548 4946 1678 5004 Christus
1702 4960 1757 5000 non
1783 4944 1870 4998 metri

104 5054 182 5112 sime
207 5058 236 5111 st
246 5054 441 5115 serenissime,
465 5057 496 5109 tu
517 5050 590 5108 mibl
606 5067 707 5109 nerres
723 5050 831 5108 dixisse
851 5049 962 5121 iesum,
1017 5043 1208 5118 responderit.
1223 5041 1309 5098 Aliud
1326 5044 1371 5099 est
1384 5039 1547 5111 intelligere
1559 5035 1631 5092 velle
1646 5034 1723 5106 quod
1738 5030 1870 5132 eleusum

107 5146 182 5214 Quid
196 5145 268 5200 miti
277 5148 302 5201 st
313 5143 419 5213 tibisst,
430 5141 652 5200 mutierieurei
663 5141 825 5215 opposuisti
840 5148 962 5197 metrum
1017 5141 1073 5196 est.
1090 5133 1168 5191 eliud
1192 5130 1270 5189 nolle
1282 5130 1399 5190 eredere
1414 5127 1491 5201 quod
1506 5127 1638 5199 opertum
1650 5124 1704 5179 est.
1718 5120 1773 5224 Qui
1789 5119 1869 5223 diuet,

102 5249 195 5309 quem
209 5250 267 5292 non
282 5232 415 5308 ugnosolt
427 5231 442 5287 ‘l
456 5231 529 5289 Nem
542 5233 575 5288 tu
590 5230 688 5288 dixisti
699 5230 770 5303 quie
783 5229 824 5286 ibi
833 5237 893 5287 erut
907 5244 963 5285 mu·
1015 5225 1095 5283 Scire
1110 5222 1175 5281 solo
1189 5238 1242 5280 eur
1256 5222 1297 5278 lte
1310 5219 1443 5277 Christus
1459 5213 1543 5272 metri
1559 5213 1750 5285 respondent,
1765 5209 1872 5284 eperrrl

102 5332 150 5382 ter
161 5324 239 5393 Iesu,
255 5328 285 5381 et
299 5320 369 5397 qnle
383 5320 456 5378 uisu
469 5322 496 5379 ei
509 5328 596 5378 muter
609 5322 691 5391 eius:
717 5336 769 5377 our
793 5335 851 5376 non
868 5317 963 5391 potius
1017 5313 1074 5371 sibl
1087 5312 1150 5370 vult
1161 5310 1351 5383 evangelium
1362 5304 1530 5363 euioredit:
1547 5301 1597 5375 qui
1608 5306 1705 5360 eutem
1715 5300 1797 5373 dicit,
1807 5299 1871 5357 Seio

101 5413 218 5484 dixisti,
229 5411 347 5470 Eretibl
363 5410 474 5482 utinm
490 5412 529 5480 et,
545 5408 623 5466 Dixit
635 5409 662 5466 ei
673 5407 963 5480 Ilsrie‘llitrumque
1017 5403 1095 5478 quod
1119 5402 1174 5460 hoo
1198 5399 1330 5457 Christus
1360 5413 1420 5455 non
1444 5393 1529 5451 metri
1555 5392 1748 5466 responderit,
1772 5391 1871 5464 ipsum

101 5510 135 5561 tu
151 5520 266 5573 nerres,
281 5510 320 5572 et,
337 5500 425 5572 vixit,
438 5503 465 5558 ei
479 5503 571 5557 muter
583 5501 711 5570 siesset,
727 5498 904 5572 Repondttei
915 5497 964 5555 Ie-
1018 5491 1204 5563 lieengelium
1233 5487 1331 5562 unguit
1344 5487 1381 5544 de
1405 5483 1569 5550 mendesio,
1584 5482 1633 5540 ubi
1649 5482 1772 5540 eredidit
1793 5479 1869 5552 quod

102 5610 162 5666 eus,
174 5595 247 5664 Quid
257 5593 333 5654 mibi
346 5598 374 5652 et
388 5594 440 5652 tibi
449 5600 499 5663 eet,
510 5591 632 5648 mulier?
646 5591 737 5656 Quere
751 5589 883 5673 bonoisi
898 5587 964 5660 pule
1018 5581 1154 5640 Christus
1175 5579 1216 5637 ite
1230 5576 1425 5651 responderit.
