3952 6150
123 155 194 217 ΜΩ
867 160 1059 223 terantur.
1759 164 1830 229 2⁴30

123 282 201 339 uitiis
217 296 278 339 non
288 288 459 355 operantur.
476 283 627 343 Consilium
643 286 696 345 tibi
712 287 755 353 do,
772 296 802 345 at
818 306 888 347 emor
901 289 952 345 tibi
1005 286 1081 355 alas,
1095 284 1153 345 nisi
1165 283 1239 361 quia
1248 290 1378 360 quatuor
1390 286 1533 345 animalia
1549 306 1643 347 unum
1658 296 1737 363 sunt,
1760 310 1829 376 quse

122 370 247 435 animur:
258 353 287 435 id
303 358 359 420 est,
372 357 401 410 ut
412 355 622 442 eleemosynas
634 359 818 426 iaciendo,et
833 361 950 417 actibus
1004 358 1117 419 habeut
1132 357 1234 429 viginti
1244 366 1272 413 et
1282 365 1412 432 quatuor
1425 358 1500 426 alas,
1511 360 1541 415 in
1556 362 1667 431 quibus
1677 366 1781 433 viginti
1802 371 1831 423 et

122 425 210 481 bonis
227 425 402 489 insistendo,
424 441 488 498 rpse
507 428 645 486 eihciaris
663 447 793 498 aurum;
816 432 845 487 id
866 437 952 498 esua
1004 434 1134 503 quatuor
1151 428 1283 486 seniores
1300 429 1496 501 intelligimus
1510 433 1560 505 qui
1573 433 1682 490 suntin
1699 436 1830 494 Ecclesia

124 498 183 552 lieo
199 495 331 567 accipias
346 496 536 565 intellectum,
553 505 583 555 et
594 517 648 572 per
660 502 772 558 bonam
793 517 952 559 conversa·
1004 517 1097 573 quam
1112 498 1287 557 assimilavit
1302 502 1409 571 aquilae
1420 502 1434 559 l
1446 504 1478 557 Et
1488 502 1572 559 aliter
1587 520 1666 559 senae
1682 507 1736 562 alae
1751 509 1828 564 testi·

123 568 235 624 tionem
250 568 391 623 merearis
405 571 566 641 matyrium
578 573 648 643 pati.
664 573 702 629 Et
715 574 897 645 eccainquit,
911 590 950 628 os·
1003 573 1104 628 monia
1120 572 1311 631 suutVetcns
1325 573 1512 629 Testamenti.
1529 573 1608 631 Sicut
1624 576 1703 632 enim
1718 577 1828 633 animal

122 639 191 693 tium
202 644 327 710 apertum
341 639 503 698 scrinario.
520 643 633 699 Ostium
648 650 784 715 apertum
802 644 950 701 Christum
1005 642 1173 700 volarenon
1203 642 1829 719 otest‚nisihabeetpennas;sicnecprusdi-

123 709 202 773 dicit,
216 710 288 789 quia
304 709 398 781 janna
412 717 465 769 est.
492 713 604 771 Coelum
627 714 787 773 Ecclesiam
813 714 883 771 dicit
899 715 951 773 ubi
1004 714 1162 773 eatioNovi
1195 713 1830 781 estamentifidemhabet,nisihabeatvete-

123 780 253 839 coelesua
265 787 424 850 geruntur;
439 783 591 841 sicutdieit
603 786 771 857 Apostolus,
789 788 950 843 lustouram

122 852 950 1004 stantlhtll‘lr‘llnhtllstlltEl‘t·hill

122 1000 202 1051 terra
212 1009 282 1049 vero
289 994 485 1053 exuentibus.
496 997 614 1053 Ascende
622 997 683 1064 huc,
690 1006 714 1054 et
729 997 863 1055 ostendam
876 998 930 1055 tili
940 1020 950 1058 .·

122 1064 250 1121 hocnon
264 1066 294 1120 in
310 1065 408 1121 solnm
421 1068 567 1124 loannem
582 1071 731 1135 convenit,
742 1071 794 1126 scd
808 1070 839 1125 in
856 1071 952 1127 Eccle-

124 1138 201 1192 siam
216 1133 260 1190 vel
274 1137 302 1191 in
318 1151 423 1192 omnes
440 1138 604 1195 credentes.
621 1138 675 1209 Qui
690 1142 770 1197 enim
791 1141 894 1198 viderit
906 1158 952 1196 os-

123 1208 197 1264 tium
215 1215 353 1278 apertum
375 1207 504 1276 incaelo,
527 1210 555 1265 id
572 1215 616 1265 est
633 1217 747 1278 natum,
771 1218 798 1267 et
813 1229 949 1283 passum,

123 1283 152 1335 et
162 1278 511 1337 resurrexisserristum
521 1280 680 1337 crediderit
691 1283 839 1347 mesenatis
851 1282 880 1339 in
889 1283 952 1341 alti·

123 1348 394 1429 tudineru,etvidet
403 1349 502 1407 lutura
517 1352 642 1422 [Quibus
653 1354 803 1419 gressibus
815 1355 870 1409 nisi
882 1354 951 1411 lidei

122 1425 151 1477 et
161 1418 371 1479 credulitatis?
389 1429 427 1477 ac
440 1423 464 1477 si
479 1439 496 1478 a
520 1428 580 1478 erte
596 1423 718 1479 cuilibet
732 1424 894 1481 electorum
909 1424 952 1482 di·

122 1494 252 1558 caretur,
269 1491 312 1546 ad
326 1438 535 1563 cognoscensa
545 1494 650 1552 Christi
665 1496 837 1552 etEcclesiae
853 1511 952 1553 sacra·

123 1570 234 1627 menta,
250 1560 310 1617 fide
322 1564 499 1629 conscende,
516 1564 690 1623 credulitate
704 1568 848 1639 pertinge.
864 1569 950 1625 Recte

123 1634 204 1689 euim
219 1647 319 1689 avoce
331 1633 429 1705 prima
440 1637 570 1692 ioannes
581 1637 732 1701 invitetur,
744 1642 775 1693 ut
784 1639 822 1694 ad
838 1639 950 1695 ostium

122 1702 189 1761 ooeli
204 1702 374 1776 coelumque
396 1705 576 1763 conscendat
592 1722 598 1762 :
615 1708 688 1780 quia
709 1708 845 1765 videlicet
860 1724 952 1764 unus·

147 1774 427 1847 uisqueelectorum,
439 1776 891 1851 utinoffensooredulitatispede
901 1795 951 1851 per

123 1790 317 1916 Euangeliou]
334 1846 374 1902 ad
392 1864 468 1904 verm
493 1849 563 1904 lidei
584 1857 774 1906 sacramenta
790 1849 950 1920 pertingat,

121 1917 230 1974 veteris
243 1918 432 1974 instrumenti
444 1920 667 1992 doctrinaque
679 1937 790 1977 novam
799 1921 950 1993 praecedit,

122 1988 281 2045 roboratur
293 1990 328 2062 ¹.]
342 1988 379 2044 Et
395 2007 449 2046 ecce
464 1991 577 2047 thronus
622 1994 690 2047 situs
709 1999 768 2048 erat
784 1993 813 2047 in
823 1992 886 2048 celo
901 1993 951 2049 :id

123 2064 178 2125 est,
194 2060 224 2115 in
239 2058 380 2117 Ecclesia.
408 2061 443 2116 Et
466 2062 515 2134 qai
527 2009 642 2125 sensilis,
668 2063 769 2119 similis
787 2071 846 2119 erat
861 2080 952 2135 aspro·-

123 2133 165 2186 toi
181 2130 282 2201 lapidis
290 2130 408 2202 jaspidis
418 2133 571 2189 celsardii:
589 2133 654 2190 istae
669 2151 736 2192 com
761 2134 909 2191 arationes
920 2136 952 2193 in

124 2200 283 2257 Ecclesiam
296 2204 487 2259 conveniunt.
500 2204 596 2276 iaspis
606 2220 689 2289 aqua
701 2151 830 2262 coiorem
849 2205 949 2269 habet,

123 2277 152 2331 et
167 2271 285 2329 sardius
297 2273 373 2344 ignis
386 2291 392 2328 :
406 2274 543 2355 perhmc,
554 2277 818 2347 sioutyamdictum
830 2282 881 2342 est,
890 2277 950 2332 duo

120 2342 234 2413 jndicia
251 2342 311 2399 vult
322 2344 446 2414 intelligi
458 2362 465 2409 ;
479 2361 573 2402 unum
589 2363 641 2428 per
652 2364 775 2420 aquam,
791 2348 872 2420 quod
885 2349 950 2418 jnm

123 2414 295 2470 factumest
311 2431 363 2485 per
377 2416 523 2472 diluvium
541 2436 548 2481 ;
565 2416 646 2474 alind
661 2418 742 2500 quod
758 2419 890 2475 iutururn
907 2423 950 2475 est

123 2501 176 2558 per
187 2485 286 2555 ignem
297 2484 387 2566 [Quid
399 2502 452 2559 per
462 2487 615 2560 jaspidem
628 2489 683 2545 nist
693 2489 831 2544 divinitas
845 2489 950 2546 nedis-

123 2554 195 2612 toris
212 2562 304 2612 nostri
318 2559 462 2629 liguratur
474 2558 499 2630 i]
518 2561 553 2615 lu
567 2560 685 2615 circuitu
699 2562 793 2616 throni
805 2560 864 2615 vidi
874 2561 949 2616 sedes

121 2627 361 2700 vigintiquatuor,
377 2636 401 2684 et
427 2646 511 2701 supra
528 2630 599 2685 seder
618 2632 719 2702 oiyiuti
731 2640 848 2703 quotuor
859 2632 949 2687 seuie-

123 2715 166 2753 ms
181 2698 308 2754 sedentes.
325 2699 461 2757 seniores
477 2707 569 2756 lotam
586 2701 745 2758 Ecclesiam
768 2703 848 2767 dicit,
873 2703 950 2758 sicut

123 2768 214 2824 isaias
229 2769 310 2835 dicit,
319 2770 385 2826 Casu
394 2771 423 2827 iu
433 2771 664 2829 medioscuioram
674 2790 783 2828 suoram
793 2773 882 2845 tuerit
892 2773 948 2846 glo-

123 2840 251 2909 rificatus
266 2841 346 2911 (Irni.
359 2844 508 2913 mustei).
525 2843 633 2913 Viginti
648 2851 779 2916 quatuor
789 2849 889 2900 autem
905 2860 949 2900 se·

122 2911 233 2977 niores,
243 2914 428 2985 praepositiet
437 2913 537 2987 populi
546 2919 626 2971 sunl.
634 2917 664 2970 lu
676 2915 846 2979 duodecim,
856 2920 948 2986 Apos-

123 2982 198 3039 tolos
211 2989 239 3038 et
254 2984 425 3056 prepositos
442 3002 448 3039 :
461 2991 489 3040 et
501 2985 530 3041 in
547 2985 611 3041 aliis
623 2984 949 3057 duodecim,reliqnam

127 3052 290 3110 Ecclesiam
307 3054 448 3126 intellige.
465 3058 497 3112 Et
511 3056 542 3111 dc
569 3056 819 3129 reciprocamus
838 3056 952 3129 sulpura

123 3132 147 3181 ct
163 3141 234 3181 voces
247 3141 258 3182 .·
273 3126 310 3181 de
325 3126 449 3182 Ecclesia
461 3127 714 3198 enimproceduut
724 3128 864 3192 haeretici,
878 3127 950 3200 quie

122 3211 159 3251 ex
177 3196 264 3252 nobis
276 3197 421 3254 exierunt.
435 3200 483 3253 Est
494 3205 522 3255 et
535 3200 610 3254 alius
626 3205 782 3263 sensuam
793 3199 913 3269 fulgura
923 3201 951 3255 et

122 3282 214 3322 voces
229 3267 404 3338 praedicatio
426 3268 559 3325 Ecclesiae
573 3270 762 3339 intelligatur.
780 3274 810 3326 ln
826 3268 950 3327 vocibus

123 3337 226 3402 verba,
239 3338 269 3393 in
284 3339 400 3406 irrigure
415 3340 561 3397 miracula
577 3348 812 3409 cognoscuntur.
827 3344 860 3397 lu
879 3358 952 3396 cous-

124 3416 200 3479 peclu
213 3409 309 3465 throni
323 3428 399 3466 mors
421 3414 536 3467 vitreum
557 3428 660 3470 :mare
685 3414 822 3475 vitreum,
838 3412 950 3469 iontem

126 3479 266 3549 naprtsmi
277 3498 284 3547 ;
294 3481 508 3538 antethronnns
519 3483 601 3551 dixit,
614 3484 706 3549 idest,
721 3484 949 3554 antejudicium.

126 3550 181 3606 Sed
200 3557 227 3606 et
241 3551 403 3624 aliquando
426 3553 560 3609 animem
576 3561 711 3610 sanctam
727 3555 855 3617 intellige
871 3556 953 3611 thro-

126 3623 951 3697 num:sicutscriptumestutuimojmlisedesestsapientise

128 3692 202 3819 ξαρ.
219 3698 268 3752 vui
280 3712 286 3759 ;
297 3694 627 3765 aliquaudolicelcsiam
642 3698 738 3777 inque
750 3698 851 3752 sedern
860 3697 951 3752 habet

154 3781 217 3819 aus.
232 3767 265 3821 Et
281 3765 310 3820 iu
323 3766 409 3821 medio
421 3765 516 3823 lluom'
526 3776 643 3838 quotuor·
652 3768 799 3823 cursualis:
814 3768 843 3823 id
855 3773 910 3833 est,
920 3769 950 3824 in

128 3834 227 3893 medio
244 3835 581 3908 EcclesieeEvangelistre
595 3845 614 3893 ¹.
623 3838 708 3895 Pleno
721 3838 842 3894 ecclisia
853 3841 950 3910 priora

126 3914 151 3961 st
165 3914 237 3961 retro
252 3928 261 3965 :
274 3907 303 3962 id
318 3913 372 3977 est,
389 3908 468 3964 intus
479 3914 508 3964 et
521 3908 601 3966 ioris.
614 3910 706 3977 Oculi,
718 3915 869 3981 praecepta
882 3917 951 3966 sunt

128 3976 193 4034 Dei.
213 3978 246 4033 lu
263 3978 362 4050 priora
376 3987 402 4034 et
417 3987 491 4036 retro
509 3999 519 4035 .·
535 3980 564 4035 id
580 3986 633 4047 est,
655 3980 685 4037 in
700 3981 850 4052 praeterita
865 3986 893 4038 et
907 3981 950 4036 iu-

127 4049 951 4124 turaconspicientia.inanimaliprimosimililconi‚lor·

125 4119 221 4176 titudo
230 4120 367 4177 Ecclesia
376 4121 552 4178 ostenditur.
568 4126 599 4178 ln
612 4122 711 4187 vitulo,
722 4123 947 4196 passioChristi.

125 4190 614 4265 lntertioanimali,qnodestvelut
629 4193 730 4255 homo,
741 4194 951 4251 humilitasEc-

124 4261 221 4318 clesise
234 4263 419 4332 significatur
434 4282 440 4319 :
456 4265 527 4335 quia
542 4264 614 4321 nihil
628 4265 682 4321 sibi
697 4265 845 4321 blanditur
860 4273 891 4321 ut
903 4281 950 4321 su·

124 4332 947 4409 perbumsapiat,quamvisadoptionemliliorumteneat.

124 4404 268 4468 Quartum
288 4405 410 4469 animal,
423 4407 583 4462 Ecclesiam
594 4407 678 4472 dixit,
694 4407 813 4463 Similem
828 4407 949 4479 aquila:

122 4475 758 4548 idest,volantemetliberam,atqueaterra
767 4495 949 4561 suspensam

123 4545 951 4620 duabusalis,quasidrrorurnTestameutornm,srveduo·

122 4631 190 4672 rum
207 4627 425 4690 praeceptorum
435 4620 646 4690 gubernaculis
661 4620 820 4679 elevatam.
835 4624 909 4678 liam
921 4625 950 4677 et

121 4688 440 4756 ioannosevangelista
455 4707 523 4747 cum
535 4692 572 4747 de
583 4691 951 4748 istisauimalibusiutros·

121 4759 251 4828 perisset
271 4762 300 4817 in
317 4761 431 4817 Christo
447 4763 629 4834 completum
657 4779 722 4820 esse
742 4764 949 4836 quadriforme

122 4832 309 4901 mysterium,
325 4838 353 4888 et
366 4833 482 4889 vidisset
499 4832 652 4890 hominem
673 4839 858 4898 nascentem,
875 4835 950 4890 vitu·

121 4900 185 4957 lum
202 4903 374 4971 patientem,
390 4903 542 4961 etleouem
558 4909 823 4971 regnantem,tnnc
838 4904 909 4960 vidit
921 4911 948 4960 et

122 4973 255 5045 aquilam
279 4974 316 5030 ad
331 4974 461 5030 coelestia
480 4968 673 5032 remeantem.
691 4978 723 5032 Et
735 4975 841 5048 singula
856 4992 949 5032 corum
965 4999 971 5007 ·

121 5042 318 5101 labetactans
330 5062 406 5101 senus
419 5063 468 5116 per
482 5047 642 5103 circuitum.
659 5047 691 5103 ln
707 5046 889 5103 animalibus
902 5064 949 5103 os-

120 5114 284 5172 tenduntur
295 5117 396 5184 viginti
435 5123 541 5173 uatuor
556 5117 689 5174 seniores
706 5134 797 5174 :nam
807 5118 948 5175 senaealae

119 5185 150 5241 in
162 5187 420 5260 quatuoranimali
446 5204 488 5253 us,
502 5189 605 5257 viginti
619 5194 646 5244 et
662 5189 855 5261 quatuoralae
866 5195 947 5245 sunt.

122 5258 234 5314 Etenim
249 5273 302 5330 per
317 5259 473 5315 circuitum
483 5259 579 5315 throni
592 5260 665 5315 uidit
680 5260 834 5327 animalia,
850 5260 900 5317 ubi
916 5275 948 5316 se

120 5328 372 5387 dixeratseniores
381 5330 582 5387 vidisseh'am
594 5331 946 5402 qrtoruodoaninrelcum

120 5415 169 5455 sex
187 5400 241 5457 alis
257 5405 354 5472 potest
367 5402 463 5458 simile
474 5419 537 5458 essa
551 5402 668 5474 aquilae,
683 5418 750 5474 quae
767 5403 858 5459 habet
870 5404 947 5460 duas

150 5510 158 5543 ¹
167 5508 219 5557 uss
240 5508 372 5559 Patrensis
382 5513 408 5559 ct
416 5510 536 5572 Belgicus
544 5513 634 5559 carent
643 5510 805 5573 istisseptern
815 5511 944 5565 versibus,

119 5571 165 5635 qui
178 5585 209 5620 ex
222 5573 354 5621 Ambrosii
366 5573 487 5637 autperti
495 5573 582 5621 libroil
593 5572 947 5638 inhpocelypsinrexscript'r

119 5637 191 5690 sunt,
202 5635 273 5684 sicut
286 5639 313 5684 et
328 5637 410 5685 verba
424 5635 505 5701 paulo
520 5634 633 5685 interius
648 5635 794 5685 uncisitcrn
809 5635 945 5688 distincta.

150 5696 246 5755 ΠΜ,
259 5696 411 5762 Evangelia.

1002 784 1045 841 ris
1070 784 1250 842 Testamenti
1274 787 1475 857 praenuntiata
1501 786 1677 847 testimonia.
1696 805 1750 859 per
1763 806 1831 861 ane

1005 855 1117 913 tollitur
1133 871 1152 914 a
1170 863 1259 922 terra,
1275 861 1304 911 et
1325 855 1412 912 volat.
1431 857 1554 928 Semper
1569 858 1648 913 enim
1664 861 1745 940 quod
1762 869 1831 918 ante

1004 927 1175 983 dictumest
1192 926 1338 991 laturum,
1355 931 1384 982 et
1407 936 1513 999 postea
1537 927 1649 984 lactum
1671 931 1830 997 invenitur,

1006 997 1095 1055 iidem
1108 997 1176 1054 iacit
1191 996 1431 1054 indubitabilem.
1441 997 1500 1054 Nisi
1512 998 1590 1053 enirn
1605 1015 1673 1071 quae
1688 1002 1831 1073 prredixe·

1004 1069 1829 1138 rantProphetoeinChristoessentconsummata‚inanis

1005 1144 1084 1197 esset
1094 1139 1265 1212 pradicatio
1276 1140 1407 1195 illorum.
1424 1142 1484 1195 lloc
1499 1145 1577 1195 tenet
1596 1142 1831 1199 Ecclesiacatho·

1004 1211 1071 1275 lica,
1095 1216 1123 1266 et
1150 1217 1218 1266 ante
1242 1211 1391 1284 praedicta,
1422 1218 1449 1267 et
1475 1216 1581 1281 postea
1609 1221 1829 1269 consummata.
1874 1268 1878 1273 .

1004 1281 1104 1339 lderito
1120 1282 1209 1344 volat,
1221 1289 1248 1336 et
1260 1281 1756 1339 tollituraterraunumanimal¹in
1773 1300 1830 1341 coe-

1005 1353 1079 1407 lum.
1093 1353 1129 1407 Et
1141 1353 1260 1423 requiem
1275 1369 1328 1407 nou
1341 1352 1472 1409 habebant
1490 1353 1623 1408 animalia
1639 1355 1693 1410 illu
1709 1372 1716 1409 ;
1735 1355 1830 1411 Eccle-

1005 1424 1116 1489 nicasi,
1132 1422 1517 1504 quaeuonhabetrequiem,
1534 1425 1585 1479 sed
1598 1440 1717 1498 semper
1727 1426 1830 1483 laudat

1005 1496 1108 1551 Deum.
1121 1493 1228 1561 Viginti
1241 1500 1270 1551 et
1304 1499 1410 1550 uatuor
1424 1494 1553 1550 seniores
1565 1511 1729 1567 possumus
1740 1498 1831 1555 etiam

1004 1564 1165 1635 intelligere
1178 1565 1272 1621 libros
1281 1511 1398 1623 zeleris
1410 1566 1598 1631 Testamenti,
1610 1566 1832 1624 eiPatriarchas

1004 1642 1033 1694 et
1046 1636 1205 1707 Apostolos
1220 1635 1354 1706 :fulgura
1364 1636 1614 1708 strenuumque
1625 1636 1662 1691 de
1671 1638 1832 1695 solioexire

1005 1708 1154 1771 dicuntur,
1169 1706 1398 1778 praedicationes
1413 1713 1441 1762 et
1451 1707 1666 1777 promissiones
1680 1709 1753 1765 Novi
1765 1712 1832 1765 Tes-

1004 1779 1139 1835 tamenti.
1155 1778 1293 1834 Mitteutes
1313 1794 1424 1833 coronas
1442 1794 1504 1833 suns
1526 1785 1588 1833 aule
1607 1778 1755 1835 thronum:
1772 1780 1830 1837 hoa

1005 1849 1162 1921 ideo,quia
1176 1848 1324 1922 quidquid
1335 1849 1721 1919 dignitatishabentsancti.
1735 1855 1830 1907 totum

1005 1923 1064 1977 Deo
1078 1920 1232 1991 tribuunt;
1252 1920 1328 1976 sicut
1343 1925 1371 1977 et
1386 1918 1424 1974 illi
1443 1920 1472 1974 in
1489 1919 1651 1989 Evangelio
1689 1921 1786 1976 almas
1803 1926 1832 1977 et

1004 1990 1092 2049 tiores
1108 1989 1279 2048 sternebant
1296 1990 1353 2047 snb
1369 1991 1496 2063 pedibus
1507 1991 1572 2062 ejus
1583 1937 1697 2071 (Mettis).
1715 2008 1777 2055 xxr,
1791 1994 1831 2073 8),

1004 2063 1102 2128 idest,
1119 2062 1176 2131 ipsi
1191 2062 1355 2119 tribuentes
1369 2078 1458 2117 omne
1478 2062 1488 2096 ¹
1504 2062 1586 2132 qrrod
1608 2070 1747 2120 uicerant.
1761 2062 1833 2129 Qum

1005 2132 1829 2199 increastiemnia,elrcoolautotetuasrom‚etcr·ralasuul:

1004 2213 1088 2261 erent
1106 2204 1272 2261 secundnm
1296 2205 1435 2269 Deum‚a
1456 2219 1516 2274 quo
1538 2209 1646 2260 cuncta
1666 2210 1827 2276 antequam

1003 2274 1109 2332 flerent
1123 2291 1266 2357 possessa
1282 2281 1374 2342 sunt,
1395 2279 1494 2331 creata
1509 2278 1578 2329 sunt
1597 2279 1708 2340 autem,
1725 2281 1756 2329 ut
1769 2282 1830 2333 eta

1003 2348 1092 2403 nobis
1103 2347 1281 2410 riderentur,
1297 2346 1373 2402 sicul
1387 2346 1459 2401 dicit
1473 2347 1590 2426 Moyses
1602 2344 1642 2401 ad
1658 2345 1828 2413 Ecclesiam,

1004 2418 1100 2474 Nouae
1120 2418 1162 2473 hic
1174 2419 1230 2488 ipse
1242 2425 1278 2473 est
1291 2418 1377 2474 Pater
1391 2425 1463 2483 istas,
1480 2433 1527 2489 qur
1540 2416 1604 2487 sccii
1624 2424 1659 2474 te.
1673 2424 1697 2473 st
1713 2417 1829 2489 possedit

1005 2497 1039 2555 te,
1053 2493 1079 2545 et
1094 2491 1196 2545 creauit
1218 2498 1241 2545 le
1257 2488 1350 2560 (Drut.
1363 2505 1455 2553 xuxu,
1472 2489 1502 2557 6)
1515 2486 1529 2543 i
1545 2487 1678 2546 Possedit
1690 2491 1720 2545 in
1736 2504 1830 2560 praes-

1000 2558 1120 2625 aientia,
1134 2559 1202 2617 iecit
1214 2560 1245 2616 in
1261 2559 1368 2625 Adam,
1380 2559 1492 2615 creavit
1505 2574 1542 2613 ex
1557 2561 1664 2614 Adam.

1330 2646 1443 2687 nonina
1463 2646 1503 2685 iv.

1037 2701 1091 2774 [lb.
1107 2701 1161 2771 v.].
1175 2701 1214 2756 Et
1227 2700 1287 2756 uidi
1300 2717 1385 2771 supro
1396 2701 1533 2755 desieram
1547 2699 1662 2755 sedeatis
1684 2699 1714 2755 in
1730 2699 1830 2755 throno

1002 2772 1326 2843 librumsrriplumialm
1341 2772 1443 2837 risoris
1459 2788 1467 2825 .’
1485 2778 1641 2843 utrumque
1657 2774 1831 2827 Testamen-

1002 2849 1064 2899 tum
1081 2843 1209 2909 intellige
1227 2861 1233 2908 ;
1250 2842 1459 2907 alorisVetus,
1476 2840 1516 2897 ab
1529 2840 1732 2897 intush'ovnm
1747 2841 1832 2912 qrrod

1002 2916 1080 2969 intra
1091 2914 1304 2970 Vetnslatebat.
1321 2913 1473 2985 Signatum,
1486 2915 1593 2984 inquit,
1605 2912 1704 2983 sigillis
1713 2920 1831 2983 septem:

1002 2985 1098 3052 idest,
1114 2984 1249 3039 omnium
1268 2986 1477 3055 mysteriorum
1491 2983 1677 3056 plenitudine
1687 2983 1831 3040 obscura·

1002 3061 1077 3122 tum,
1091 3054 1175 3136 qnod
1191 3070 1286 3126 usque
1302 3055 1339 3109 ad
1354 3055 1530 3126 passionem
1543 3061 1570 3109 et
1584 3055 1831 3111 resurrectionem

1003 3126 1226 3182 Christrmansit
1238 3125 1399 3195 signatum.
1423 3127 1497 3181 Nam
1508 3124 1830 3195 quomodotestamen·

1003 3203 1067 3253 tum
1096 3212 1158 3253 non
1179 3196 1297 3262 dicitur,
1314 3196 1369 3251 nisi
1397 3196 1480 3265 qirrid
1502 3195 1615 3251 iaciunt
1635 3197 1779 3263 morituri,
1803 3200 1832 3251 et

1003 3270 1139 3338 signatur
1150 3283 1247 3340 usque
1263 3267 1300 3323 ad
1318 3271 1444 3323 mortem
1461 3267 1617 3330 testatoris,
1630 3271 1739 3338 etpost
1754 3281 1833 3321 mor-

1003 3344 1062 3397 tem
1078 3339 1174 3411 ipsius
1197 3340 1350 3409 aperitur:
1371 3338 1412 3393 ita
1426 3342 1454 3393 et
1476 3343 1543 3405 post
1570 3337 1673 3392 Christi
1702 3343 1832 3392 mortem

1003 3409 1106 3467 omnia
1120 3409 1263 3483 mysteria
1276 3409 1454 3465 revelantur.
1470 3408 1507 3463 Et
1521 3407 1578 3462 vidi
1593 3408 1716 3477 origelum
1731 3408 1831 3477 sortem

1002 3482 1156 3538 clamentem
1170 3496 1230 3536 soce
1242 3497 1338 3552 snagan
1352 3479 1477 3545 :Quiscst
1491 3478 1589 3551 diguus
1598 3478 1708 3549 operire
1719 3477 1830 3544 librum,

1002 3561 1028 3610 et
1043 3554 1143 3609 soluere
1156 3552 1359 3624 ss'yuoculacjus
1369 3551 1385 3604 ‘l
1397 3550 1557 3621 Curprirno
1571 3549 1830 3620 signasolvantur‚

1003 3624 1193 3681 deindeliber
1208 3624 1369 3704 aperiatur,
1377 3627 1456 3678 certa
1468 3620 1540 3676 ratio
1549 3626 1602 3680 est,
1619 3621 1689 3692 quia
1701 3620 1831 3675 Christus

1004 3701 1074 3753 tunc
1089 3695 1206 3768 aperuit
1219 3694 1338 3758 librum,
1351 3709 1420 3751 eum
1434 3707 1511 3764 opus
1526 3696 1657 3762 paternae
1669 3691 1830 3747 voluntatis

1003 3782 1174 3836 aggressus,
1187 3771 1350 3836 conceptus
1364 3770 1393 3819 et
1403 3768 1490 3819 natus
1503 3765 1637 3828 est3tnno
1647 3762 1712 3834 ejus
1731 3763 1829 3830 signa·

1003 3837 1071 3893 cula
1087 3837 1185 3902 solvit,
1195 3837 1318 3908 quando
1327 3851 1380 3907 pro
1391 3833 1828 3906 generebumauooccisusest.

1003 3909 1041 3965 Et
1054 3926 1128 3965 acmo
1141 3915 1247 3979 poterut
1270 3923 1350 3978 usqae
1368 3908 1397 3961 ia
1412 3905 1484 3974 emin,
1502 3922 1583 3975 usqae
1595 3906 1626 3959 ia
1645 3912 1733 3973 terra,
1750 3921 1831 3976 aeque

1002 3979 1167 4036 subterra:
1183 3979 1213 4034 id
1229 3983 1284 4043 est,
1305 3994 1403 4051 neque
1429 3977 1568 4045 angelus,
1584 3976 1725 4049 usquein
1746 3976 1830 4031 terris

1003 4051 1115 4117 vivens,
1129 4066 1226 4123 neque
1239 4048 1627 4120 mortuusdperirclibrum,
1644 4064 1727 4119 aeque
1740 4047 1832 4102 cidere

1002 4122 1083 4178 illam
1093 4140 1105 4177 .·
1119 4121 1150 4178 id
1165 4128 1218 4186 est,
1232 4126 1350 4178 contem
1375 4120 1428 4176 lari
1442 4119 1633 4191 splendorem
1643 4119 1745 4188 gratiae
1760 4117 1830 4173 nori

1003 4193 1195 4250 Testamenti.
1211 4194 1246 4249 El
1258 4209 1304 4263 ego
1315 4137 1408 4261 degum
1419 4190 1543 4253 ccultum,
1551 4192 1697 4260 quinimmo
1708 4188 1830 4243 iuventtis

1002 4272 1040 4320 ssi
1050 4265 1176 4335 digama
1196 4264 1270 4320 crire
1285 4263 1385 4317 librum
1400 4268 1424 4316 ct
1438 4261 1526 4316 cidere
1541 4276 1600 4313 eum
1614 4258 1763 4315 :Ecclesia
1781 4256 1833 4313 ile·

1002 4335 1064 4402 bat,
1077 4337 1162 4408 cujus
1173 4282 1300 4404 {garam
1318 4332 1423 4389 habuit
1436 4334 1577 4393 loannes,
1589 4334 1714 4385 onerata
1724 4335 1752 4385 et
1764 4344 1831 4399 gra·

1001 4412 1070 4466 vata
1084 4406 1225 4480 peccatis,
1243 4404 1405 4475 implorans
1420 4402 1463 4458 sui
1473 4401 1721 4483 redemptionem.
1732 4401 1830 4455 Etccec

1002 4495 1072 4535 uam
1091 4475 1306 4534 serenioribus:
1320 4489 1414 4529 riuum
1427 4490 1462 4529 ex
1478 4472 1647 4527 senioribus
1658 4474 1752 4527 totum
1767 4486 1831 4527 cor-

1026 4567 1059 4606 us
1078 4549 1290 4619 Prophetarum
1301 4544 1441 4613 intellige.
1456 4544 1611 4615 Prophetes
1627 4542 1707 4599 enim
1722 4556 1831 4597 conso·

1001 4566 1695 4679 [euentusncclssaim,annrinuanrescminum
1706 4612 1830 4669 detribu

1001 4691 1079 4746 luda
1089 4689 1223 4746 radicem
1236 4688 1336 4745 David.
1349 4686 1426 4756 Quia
1436 4687 1501 4758 ipse
1512 4687 1541 4741 in
1554 4686 1637 4741 nobis
1647 4685 1830 4741 uincitomne

1025 4765 1215 4823 scortumst
1236 4758 1353 4832 siquid
1376 4758 1447 4814 boni
1469 4757 1576 4838 aliquis
1589 4756 1686 4821 habet,
1711 4755 1830 4827 abipso

1002 4779 1102 4891 Renes.
1123 4832 1160 4888 Et
1189 4831 1257 4896 nidi,
1281 4838 1305 4886 et
1321 4847 1377 4886 ecre
1405 4830 1434 4883 ia
1454 4829 1540 4884 medio
1556 4828 1649 4883 throni
1671 4834 1696 4883 et
1710 4834 1831 4908 quatuor

1002 4903 1175 4969 amimalium,
1190 4909 1215 4958 ct
1232 4901 1356 4957 iamedio
1369 4901 1507 4956 seniorum
1522 4916 1618 4970 agrium
1634 4906 1832 4980 stantemquasr

1002 4977 1119 5032 occisam
1132 4994 1142 5031 :
1155 4975 1265 5041 throni,
1281 4971 1433 5036 animalia,
1445 4971 1588 5033 seniores,
1597 4974 1625 5026 et
1635 4986 1732 5039 agnus
1744 4984 1831 5040 quasi

1002 5040 1831 5115 occisus,Ecclesiacstcumcapitesno‚qrraeproChristo

1002 5118 1138 5181 moritur,
1155 5122 1265 5172 utcum
1279 5115 1491 5171 Christovirat.
1503 5114 1667 5169 Possuntet
1683 5115 1830 5181 martyres

1002 5190 1032 5245 in
1047 5189 1175 5245 Ecclesia
1188 5203 1285 5255 agnus
1304 5186 1391 5258 quasi
1404 5186 1522 5241 occisus
1545 5183 1651 5255 accipi.
1673 5182 1830 5264 debentem,

1001 5260 1108 5332 inquit,
1125 5276 1227 5315 amaria
1244 5264 1342 5328 septem
1356 5263 1380 5312 et
1394 5255 1481 5312 ocules
1494 5263 1599 5327 septem,
1612 5254 1659 5327 qui
1672 5261 1734 5309 saut
1744 5269 1830 5334 spris-

1002 5340 1044 5388 tas
1057 5333 1115 5395 Dm',
1133 5331 1209 5386 missi
1225 5332 1255 5384 ia
1272 5345 1374 5384 omnem
1388 5334 1491 5383 terram
1507 5344 1515 5381 :
1530 5325 1611 5396 qrrod
1628 5340 1719 5381 nemo
1735 5329 1829 5394 possit

1001 5403 1112 5460 habere
1126 5402 1271 5473 Spiritum
1293 5401 1340 5455 Dei
1357 5403 1464 5463 urerer
1480 5398 1651 5458 Ecclesiam,
1672 5394 1743 5450 hinc
1768 5410 1830 5450 ma·

1001 5473 1105 5530 niieste
1120 5472 1319 5539 crignoscilur.
1346 5472 1378 5527 Et
1401 5471 1484 5532 ceuit,
1504 5477 1528 5523 ct
1555 5469 1656 5550 accepit
1675 5468 1706 5522 de
1728 5466 1828 5521 lectra

999 5546 1116 5602 sedentis
1134 5545 1164 5599 iu
1178 5545 1275 5598 throno
1291 5543 1412 5598 librum:
1438 5542 1590 5597 sedentem
1610 5556 1640 5596 ru
1665 5540 1782 5605 throno,
1799 5542 1828 5594 ct

1030 5638 1038 5667 ¹
1054 5634 1132 5698 Apud
1148 5633 1324 5686 Victorinum,
1343 5633 1429 5681 vivam
1443 5628 1555 5679 ouiural.

1032 5696 1100 5745 ’lde
1120 5696 1250 5759 Belgicus,
1266 5708 1361 5743 omues.
