3952 6150
115 246 196 309 lest
683 245 920 313 iuncturus
941 241 1069 311 cxxiv.
1091 244 1220 309 OAPU'P
1240 244 1322 309 XIV.

1798 254 1878 320 lata

115 381 201 438 stolis
217 381 329 437 diolum
346 381 489 439 debemus
504 383 663 456 acciperat
688 384 778 441 libell.
795 384 877 443 Unde
891 385 970 443 enim
1026 383 1055 438 id
1070 389 1115 441 eet
1125 386 1289 443 secundum
1300 384 1478 442 salvatorem
1488 387 1689 445 etsecundum
1700 393 1875 466 magistrum
1965 444 1970 455 .

113 473 150 527 ad
163 470 219 528 boe
229 471 308 528 venit
318 476 351 527 ut
365 472 485 540 diecret,
496 473 632 544 superius
642 474 762 543 dixerat,
775 475 829 543 Qui
842 475 930 531 eradit
940 474 972 530 iu
1025 479 1159 546 petamus
1175 500 1182 541 ;
1198 492 1256 532 nou
1272 482 1341 532 tuuc
1352 477 1470 546 quando
1485 477 1612 548 petimus
1622 478 1702 549 lacit,
1713 485 1763 539 aad
1779 491 1874 547 ιιιιιιιι

113 576 166 630 m,
182 576 264 633 opera
289 577 350 634 qam
369 577 417 632 epa
430 563 515 632 (aaa,
534 566 627 633 locist,
649 572 675 620 ιι
697 567 802 635 majora
817 567 915 622 baram
928 567 971 635 la·
1024 564 1102 619 iacit.
1120 566 1219 637 Neque
1234 566 1312 620 enim
1328 566 1397 635 quia
1411 569 1441 621 ιι
1455 564 1528 621 illud
1541 567 1668 637 petimus
1679 572 1712 626 ut
1723 573 1820 631 veniat
1834 592 1877 635 re-

112 653 186 708 ciet:
200 650 237 707 ds
252 667 312 723 qua
327 668 357 708 re
374 652 496 722 pristino
512 669 647 709 sermone
671 654 867 710 tractavimus.
887 656 920 710 Et
934 670 970 711 ne
1024 669 1116 724 gnum
1131 653 1192 723 Dei,
1217 660 1372 728 propterea
1396 671 1453 711 non
1469 656 1538 711 lacit
1553 657 1630 728 quod
1646 660 1782 731 petimus,
1807 668 1877 737 quis

112 740 273 812 quisquam
289 739 344 797 boe
358 739 415 798 sibi
430 742 582 810 tribueret,
598 747 631 798 ut
645 743 733 798 etiam
749 744 801 798 illa
814 760 901 813 opere
912 760 970 800 ma·
1025 759 1082 799 non
1095 744 1193 799 statim
1206 760 1270 800 oum
1282 744 1332 800 illo
1342 744 1372 799 ia
1384 745 1542 801 eternitate
1553 763 1729 818 regnemus:
1745 752 1877 813 dillerlur

108 832 174 902 J'ors
191 832 323 904 seipsum
353 832 446 888 lacere
467 833 643 898 ostenderet,
665 833 782 902 adjecit,
803 835 968 905 atqueait:
1023 832 1102 888 enim
1116 834 1194 905 quod
1212 835 1348 906 petimus,
1360 851 1417 891 non
1430 838 1559 906 negatur.
1572 835 1780 899 Verumtamen
1792 859 1878 902 oran·

112 922 185 990 Quia
196 922 290 993 equod
301 926 414 979 Patrem
433 922 522 988 uoda;
535 929 564 979 et
577 923 767 994 quodcumque
785 924 923 992 petieritis
938 926 969 979 ιἰι
1023 926 1065 977 tes
1080 926 1220 992 tanquam
1246 923 1424 981 seminantes
1449 942 1506 980 non
1530 926 1721 998 deficiamus;
1747 935 1877 1007 tempore

110 1010 304 1079 nomiaemsa,
316 1009 365 1067 tac
376 1013 488 1069 lamam.
499 1011 645 1082 Numquid
657 1013 688 1068 in
699 1029 765 1069 eum
778 1012 831 1069 soli
842 1013 970 1084 Apostoll
1024 1011 1101 1068 snim
1118 1011 1233 1082 proprio
1249 1017 1393 1069 ιιιιιιιιιιιι
1406 1013 1508 1085 (Galat
1524 1033 1562 1081 vt,
1576 1016 1616 1087 9).
1641 1021 1676 1074 El
1688 1020 1778 1077 “mul
1793 1029 1876 1094 Pm-

111 1101 304 1158 credidsront
317 1100 332 1155 'l
345 1100 388 1156 Ad
404 1117 455 1157 sos
469 1104 569 1174 itaque
585 1102 758 1170 loquebatur
773 1103 906 1170 dicendo,
917 1103 971 1169 Qui
1025 1115 1093 1154 mua
1107 1101 1224 1170 quanda
1239 1102 1312 1156 bene
1327 1102 1461 1173 petimus,
1483 1109 1515 1158 ot
1539 1120 1595 1160 nnn
1612 1105 1701 1163 iaciat
1723 1111 1800 1181 quod
1817 1129 1875 1171 uon

111 1189 202 1247 credit
212 1191 243 1246 iu
256 1205 313 1259 me,
324 1191 354 1246 in
371 1189 478 1261 quibus
494 1205 528 1248 eo
543 1191 671 1247 donante
685 1192 772 1247 eliam
788 1208 842 1249 nos
857 1207 969 1262 somus,
1024 1187 1098 1243 bene
1113 1190 1241 1260 potimus
1253 1215 1261 1259 ;
1272 1191 1379 1261 quiaet
1389 1194 1425 1248 ad
1437 1192 1492 1251 boc
1504 1194 1630 1265 pertinet
1644 1200 1721 1269 quod
1732 1201 1761 1256 ιιι
1772 1204 1874 1261 eadem

112 1281 165 1353 qui
182 1280 285 1351 utique
298 1294 358 1337 non
383 1282 591 1352 quodcumque
606 1282 780 1353 petierimus
795 1283 969 1353 accipimus.
1025 1277 1154 1333 oratione
1168 1278 1315 1335 d⁰miui⁰⁸
1330 1280 1464 1350 <¹¹⁰1me
1481 1283 1519 1338 N⁶
1541 1300 1590 1340 ¹⁸0³
1611 1287 1716 1356 inierat
1735 1289 1766 1345 ia
1786 1297 1876 1349 imm·

110 1370 198 1442 lpsos
209 1384 325 1440 quoque
337 1367 523 1426 beatissimos
534 1369 559 1425 ei
570 1370 733 1442 eogitemus
743 1371 909 1441 apostolos,
925 1372 968 1427 in·
1025 1366 1127 1422 immi
1141 1366 1251 1439 (Mami-
1269 1383 1305 1428 l¹·
1322 1367 1412 1439 9·¹3l·
1428 1374 1527 1441 Νθιιιθ
1541 1373 1620 1429 essim
1647 1392 1734 1445 parra
1748 1383 1792 1435 ιιι
1807 1384 1875 1437 ten·

109 1460 249 1518 vonimus
260 1475 326 1517 aum
342 1460 393 1531 qui
407 1461 474 1532 plus
488 1461 625 1518 omnibus
635 1461 789 1534 laboravit,
801 1479 859 1519 aon
871 1467 969 1520 autem
1023 1455 1105 1525 talio,
1121 1456 1144 1511 si
1160 1462 1260 1513 contra
1276 1462 1356 1513 luam
1373 1458 1412 1514 sit
1425 1476 1543 1516 astream
1559 1466 1608 1518 tua
1624 1466 1791 1534 postulatio.
1812 1470 1875 1530 Non

108 1551 186 1622 lpse,
201 1549 254 1606 aad
265 1550 359 1620 gustis
374 1550 424 1606 liei
439 1566 507 1607 eum
522 1551 586 1623 ipso
602 1552 625 1620 (l
639 1552 703 1607 Cor.
725 1568 771 1619 xv,
789 1552 843 1622 10),
860 1551 968 1609 terlio·

110 1639 226 1695 minum
243 1654 360 1711 rogasse
375 1642 408 1695 ot
428 1640 465 1695 ab
479 1655 514 1696 eo
536 1638 697 1696 discederet
712 1640 835 1713 angelus
849 1646 969 1708 satane,

112 1743 167 1785 nso
182 1731 280 1785 tamen
297 1729 375 1800 quod
392 1732 541 1801 regaverat
565 1729 711 1800 aooepisse
727 1729 764 1801 (ll
781 1729 847 1786 Cor.
863 1746 915 1798 xii,
929 1732 968 1802 8).

111 1817 188 1882 Ouid
204 1818 347 1886 dicemus,
362 1817 527 1874 charissimi
541 1818 550 1852 ¹
567 1818 581 1872 ‘l
603 1820 816 1876 Putabimusne
830 1820 886 1875 boc
907 1836 971 1891 pro·

112 1907 240 1963 missum
252 1906 302 1963 ubi
314 1907 365 1975 sit,
376 1907 571 1980 Quodcumque
579 1908 726 1978 patieritis,
736 1909 785 1965 bac
793 1911 906 1981 factam,
917 1926 970 1966 nee

110 1996 259 2070 Apostolis
275 1998 367 2053 inisse
381 1999 418 2054 ab
432 1997 483 2055 lllo
503 1999 679 2070 completum
696 1998 710 2050 ‘l
732 2000 767 2054 lle
789 2002 834 2055 eui
851 2001 967 2058 taodmn

110 2086 189 2158 quod
201 2086 347 2158 promittit
361 2085 504 2158 implebit,
521 2088 546 2143 si
561 2086 714 2158 Apostolos
726 2105 794 2144 suos
804 2089 833 2143 in
844 2106 898 2146 sua
909 2106 970 2162 pro·

110 2175 254 2232 missione
270 2176 413 2231 iraudsvit
424 2174 438 2228 ι

145 2266 172 2321 3.
188 2263 300 2336 Evigilo
313 2264 412 2336 igitur,
434 2264 520 2322 bomo
545 2264 650 2333 tidelis,
670 2269 698 2321 sl
721 2265 875 2338 vigilentur
898 2266 967 2322 sudi

107 2355 186 2427 quod
204 2354 265 2410 illie
279 2355 410 2426 positum
425 2360 481 2426 est,
499 2358 528 2410 ia
549 2356 661 2411 uomina
674 2372 735 2412 mco
746 2373 756 2411 :
780 2356 876 2428 ipsum
890 2357 967 2413 enim

107 2443 307 2517 quodcumque,
323 2458 381 2500 non
403 2443 454 2509 sit,
484 2443 628 2514 petieritis
658 2449 840 2516 utcumquo;
861 2445 923 2510 sed,
938 2447 969 2502 iu

108 2535 224 2589 nomiae
237 2547 306 2589 mco.
322 2531 523 2604 Quipramisit
538 2548 607 2606 ergo
623 2540 682 2590 tam
703 2550 842 2604 magnum
858 2534 968 2592 bessu-

109 2623 204 2691 oinm,
218 2620 287 2694 qnid
301 2621 444 2678 vocaturi
458 2621 563 2693 Utique
575 2622 709 2679 Christus
722 2623 807 2680 lesus
817 2640 824 2680 ι
834 2623 969 2681 Christus

108 2710 259 2784 signifieat
273 2726 383 2782 regem,
406 2711 494 2768 lesus
510 2713 657 2784 significat
679 2712 878 2769 salvatorem:
909 2729 966 2771 aon

109 2802 218 2873 atique
234 2816 288 2858 nos
303 2800 398 2858 salvos
410 2801 507 2870 laciel,
519 2802 697 2873 quicumque
713 2818 772 2871 rex,
789 2803 838 2859 sed
849 2819 897 2859 rea
908 2803 966 2861 Sal·

108 2895 208 2962 vator3
223 2907 258 2948 ao
269 2890 385 2963 perbao
395 2892 599 2963 quodcumque
615 2891 744 2961 petimus
756 2892 893 2948 adversus
908 2892 966 2948 uti·

109 2980 226 3037 litatem
243 2980 358 3052 salutis,
387 2998 446 3037 non
476 2982 649 3053 petimusia
666 2979 965 3039 nomineSslvatoris.

108 3070 147 3126 ιιι
160 3076 261 3127 tumeo
276 3069 341 3141 ipse
354 3070 484 3128 Salvator
499 3078 552 3136 cal,
569 3085 626 3126 non
642 3069 740 3126 solum
756 3071 875 3140 quando
900 3071 969 3128 lacit

110 3160 190 3232 quod
207 3159 347 3232 petimus,
361 3176 461 3216 vorum
478 3160 566 3216 etiam
581 3160 697 3231 quando
712 3175 770 3216 non
787 3160 853 3215 lacit
868 3176 876 3228 ;
893 3175 969 3230 quo-

106 3248 190 3306 niam
206 3249 283 3322 qood
300 3247 380 3305 sidat
394 3250 451 3321 peti
468 3252 570 3305 eontra
592 3248 729 3317 salutem,
756 3263 813 3305 nou
838 3247 968 3305 iacienda

105 3338 207 3412 potius
224 3354 255 3395 se
279 3338 398 3395 exhibet
420 3338 610 3395 salvatorem.
641 3337 725 3393 Novit
742 3336 821 3393 euim
838 3337 968 3394 medidus

105 3426 179 3499 quid
194 3442 247 3498 pro
265 3443 329 3489 sua,
341 3427 411 3499 quid
423 3431 525 3483 contra
537 3442 622 3483 suam
636 3424 758 3482 salutem
772 3431 873 3498 poscat
883 3442 969 3498 spro-

105 3520 177 3587 tus;
193 3522 222 3574 et
232 3517 298 3574 ideo
312 3517 461 3574 contraris
472 3516 619 3589 poscentis
630 3531 688 3573 non
701 3516 770 3572 lecit
779 3515 967 3585 volunlatem,

110 3614 142 3663 ul
158 3605 248 3662 lsoist
261 3605 428 3663 sanitatem.
446 3604 630 3677 Quapropter
654 3605 773 3675 quando
788 3605 922 3661 volumus
937 3610 969 3660 ut

109 3696 200 3753 iaciat
209 3696 412 3768 quodcumque
423 3695 625 3768 petimus,non
635 3699 807 3766 utcumque,
818 3695 904 3753 sedin
918 3712 967 3753 no·

110 3785 193 3842 mine
208 3786 274 3858 elus
289 3789 436 3857 potamos,
449 3786 501 3841 boa
517 3788 561 3841 ost
576 3785 605 3841 in
622 3784 740 3841 nomine
754 3785 908 3841 silvatoris
922 3799 971 3856 pe-

111 3879 221 3934 tamus.
236 3876 299 3933 Non
314 3891 384 3949 ergo
408 3879 509 3931 cantra
524 3878 654 3931 nostram
669 3873 795 3931 sulutem
811 3883 945 3947 petamus
960 3889 967 3929 :

113 3966 194 4039 quod
209 3965 235 4022 si
248 3966 358 4034 lecerit,
374 3981 432 4021 non
448 3970 483 4021 ot
505 3964 635 4020 Salvator
659 3964 736 4031 iacit,
758 3963 837 4035 quod
857 3971 900 4020 est
914 3981 970 4021 no-

115 4071 183 4112 meu
197 4056 262 4126 slus
277 4054 413 4111 fidelibus
423 4055 498 4126 elus.
514 4053 566 4110 Est
578 4054 686 4126 quippe
700 4054 797 4126 impiis
807 4059 837 4110 ιι
850 4055 971 4110 damna·

115 4153 172 4217 tor,
188 4146 238 4218 qui
253 4146 394 4217 digestor
417 4143 554 4200 lidelibue
576 4159 642 4200 esse
664 4144 805 4200 Salvator.
831 4143 884 4208 Oui
903 4159 972 4218 ergo

112 4234 206 4294 eradit
221 4235 251 4290 in
279 4250 357 4303 aum,
382 4235 588 4306 quodcumque
612 4234 727 4306 potierit
741 4234 770 4290 in
786 4249 820 4289 ιο
842 4233 971 4307 nomine,

110 4325 190 4402 qood
206 4328 250 4381 est
263 4323 383 4396 illisqui
400 4323 560 4380 creduntin
571 4338 650 4391 eum,
663 4323 717 4379 boc
728 4324 796 4379 iacit
808 4348 814 4391 ;
827 4324 969 4393 quoniam

108 4418 166 4475 boe
180 4416 260 4473 siout
275 4416 410 4472 Salvator
425 4413 504 4470 lacit.
515 4414 545 4471 Si
562 4418 658 4470 sutem
676 4413 726 4486 qui
738 4413 768 4469 in
779 4429 846 4469 eum
864 4415 968 4471 eredit.

107 4506 222 4579 aliquid
240 4520 290 4577 per
304 4504 499 4575 ignorantiam
516 4508 616 4560 eontra
639 4517 721 4560 suem
747 4504 872 4560 salutem
888 4504 969 4575 petit,

109 4612 171 4652 non
185 4596 215 4653 in
230 4595 347 4653 nomine
369 4594 529 4651 salvatoris
545 4592 618 4666 petit
632 4612 640 4660 ;
666 4592 734 4663 quia
757 4592 890 4649 Salvator
904 4594 970 4664 ejus

111 4701 172 4742 nou
187 4685 252 4753 erit,
269 4684 383 4756 siquod
401 4684 462 4754 ejus
478 4683 602 4739 salutem
619 4683 751 4753 impedit,
763 4683 872 4740 lecerit.
889 4681 970 4739 Unde

112 4778 187 4830 tune
204 4772 323 4846 expedit
350 4772 448 4845 potios
474 4778 507 4828 ut
536 4788 593 4828 uon
610 4771 742 4828 laniando
758 4772 968 4844 propterquod

111 4866 276 4932 invocatur,
292 4863 378 4921 isolat
393 4863 472 4935 quod
486 4871 613 4920 vocatur.
631 4862 784 4932 Propterea
800 4880 857 4919 non
875 4863 967 4922 solum

112 4953 256 5025 Salvator,
272 4954 325 5011 sed
340 4954 428 5011 stiam
445 4954 581 5025 magister
610 4953 714 5023 bonus,
730 4955 763 5008 ut
777 4953 863 5009 iaciat
877 4956 968 5025 quod-

111 5061 243 5118 eumque
271 5045 454 5117 petierimus,
480 5045 510 5099 ia
538 5042 604 5114 ipss
627 5042 756 5099 aratione
779 5059 867 5114 quam
885 5044 968 5101 nobis

111 5136 205 5207 dedit,
221 5135 319 5192 docuit
334 5135 404 5208 quid
420 5138 576 5207 petamus;
599 5138 630 5190 ot
651 5134 734 5190 eliam
761 5133 804 5190 sio
819 5133 966 5207 intelliga-

109 5242 180 5286 mus
194 5240 255 5283 uon
270 5228 366 5296 palere
388 5240 442 5281 nas
461 5224 491 5279 ia
507 5222 626 5280 nomine
642 5222 785 5295 magistri,
801 5223 878 5293 quod
895 5224 965 5295 peti·

109 5334 181 5376 mus
195 5318 300 5388 prater
313 5312 445 5388 regulam
461 5311 556 5385 ipsius
573 5312 741 5383 magisterii.

144 5410 173 5465 l.
189 5407 268 5464 Sane
279 5405 411 5477 quadam
426 5403 559 5473 quamvis
571 5403 601 5460 in
617 5403 734 5460 nomine
744 5401 810 5473 ejus
821 5404 965 5472 petamus,

138 5532 193 5583 tln
208 5529 251 5588 B..
266 5527 465 5594 quiddioimua,
480 5525 652 5581 charissimi?
664 5525 706 5578 ιιι.
722 5524 808 5591 Lugd-
824 5526 889 5579 Ven.
901 5526 965 5580 bor.

106 5596 307 5649 secutisumus.
339 5592 373 5644 u.

1024 1550 1122 1601 sotem
1135 1548 1316 1619 negligenter
1331 1550 1509 1606 audiendum
1522 1557 1577 1620 eet,
1588 1556 1664 1624 quod
1674 1555 1827 1629 Dominus,
1840 1579 1877 1621 ne

1025 1636 1182 1708 quisquam
1198 1653 1264 1692 eum
1276 1643 1388 1710 putaret
1403 1640 1480 1711 quod
1492 1656 1523 1697 se
1538 1645 1668 1712 promisit
1680 1646 1773 1706 lacere
1783 1658 1877 1723 peten-

1024 1725 1113 1792 tibus,
1128 1726 1192 1782 eine
1212 1726 1294 1783 Patre
1309 1744 1372 1785 ιιιι
1388 1730 1543 1797 lecturum,
1558 1747 1625 1789 cum
1640 1735 1772 1808 dixisset,
1783 1742 1876 1811 Quad-

1023 1830 1138 1885 cumquc
1150 1817 1284 1885 petieritis
1298 1817 1327 1872 ia
1338 1821 1449 1874 nominc
1462 1836 1530 1887 meo,
1543 1821 1592 1877 bac
1605 1826 1724 1896 jaciam,
1735 1830 1876 1891 eontinuo

1025 1904 1158 1972 subiecit,
1176 1905 1209 1960 tlt
1223 1906 1392 1976 clarificetur
1414 1910 1497 1963 Pater
1511 1909 1542 1964 in
1560 1910 1641 1978 Filia,
1665 1917 1689 1969 si
1709 1916 1777 1986 qaid
1790 1922 1876 1991 petie·

1024 1992 1087 2046 ritis
1106 1994 1135 2047 ia
1160 1995 1272 2048 nominc
1294 2010 1364 2059 meo,
1386 1995 1435 2050 tac
1448 1999 1560 2067 [arctam.
1578 1999 1662 2058 Nullo
1679 2004 1765 2060 modo
1784 2006 1877 2080 igilur

1023 2082 1087 2137 aine
1103 2082 1184 2137 Patre
1199 2082 1253 2138 boc
1269 2083 1360 2139 Pilius
1375 2084 1454 2153 lacit,
1476 2088 1712 2160 quandoquidem
1733 2098 1766 2150 ut
1779 2095 1808 2152 in
1823 2096 1875 2154 illo

1023 2171 1109 2227 Pater
1123 2171 1310 2237 plurificatur,
1336 2180 1487 2245 propterea
1508 2176 1587 2231 isoit.
1612 2178 1690 2236 Facit
1710 2198 1777 2253 ergo
1792 2188 1875 2244 Pater

1024 2262 1053 2316 in
1071 2260 1153 2328 Pilia,
1167 2271 1198 2317 ut
1211 2260 1301 2317 Filius
1316 2262 1496 2333 glorificetur
1510 2265 1540 2320 ln
1561 2269 1645 2324 Putre
1662 2285 1669 2325 :
1694 2277 1723 2327 et
1737 2271 1806 2329 lacit
1825 2274 1876 2330 ιιι,

1023 2349 1081 2406 lius
1098 2350 1125 2404 in
1142 2350 1236 2417 Patre,
1254 2355 1286 2406 ul
1298 2351 1381 2407 Pater
1395 2352 1573 2427 glorificatur
1586 2356 1615 2412 ia
1629 2357 1715 2422 Filio:
1732 2363 1872 2433 quoniam

1023 2456 1115 2496 unum
1131 2444 1200 2496 sunt
1212 2440 1296 2496 Pater
1309 2445 1337 2496 et
1352 2440 1450 2498 Pilius.

1269 2566 1481 2625 nescientis
1501 2570 1623 2628 LXXIV.

1023 2677 1062 2731 Dc
1075 2689 1105 2732 ca
1122 2674 1192 2748 quod
1206 2676 1255 2743 ait,
1272 2675 1302 2732 si
1313 2675 1434 2750 diligitis
1444 2693 1501 2750 me,
1513 2681 1652 2739 mandata
1665 2699 1731 2742 moa
1741 2690 1871 2758 servate;

1057 2781 1141 2837 usque
1163 2765 1198 2821 ad
1222 2765 1260 2831 ld,
1287 2768 1370 2838 Apud
1399 2784 1448 2825 voe
1465 2771 1604 2839 mauebit,
1619 2777 1648 2829 ιι
1667 2773 1696 2830 in
1711 2776 1793 2834 vobis
1808 2778 1872 2836 erit.

1059 2854 1123 2924 Cap.
1140 2871 1198 2923 mv,
1214 2856 1241 2923 ι.
1259 2856 1353 2911 15-17.

1059 2982 1084 3035 l.
1100 2980 1284 3047 Audivimus,
1300 2981 1412 3048 iratres,
1428 3000 1496 3041 cum
1513 2988 1700 3060 Evangelium
1716 2990 1870 3066 legeretur,

1023 3067 1178 3125 Dominum
1192 3068 1359 3124 dicentem:
1385 3069 1416 3125 Si
1438 3072 1552 3143 diliquit
1575 3092 1628 3146 mc,
1657 3080 1789 3137 mandata
1811 3099 1875 3142 mea

1022 3165 1128 3215 servale
1142 3174 1151 3210 :
1166 3164 1192 3212 ιι
1205 3172 1252 3227 epa
1275 3157 1376 3228 roqabo
1399 3160 1521 3227 Patrem,
1545 3172 1570 3218 ιι
1597 3166 1686 3221 olium
1699 3170 1875 3229 Paracletum

1022 3247 1098 3305 dabit
1108 3247 1191 3315 uobis,
1203 3255 1234 3303 ut
1249 3254 1360 3303 maneat
1374 3249 1513 3306 babucum
1528 3254 1557 3306 ιι
1580 3258 1723 3324 aurnum,
1740 3258 1876 3330 Spiritum

1022 3338 1158 3405 scutatis,
1174 3353 1254 3407 quem
1268 3337 1386 3393 muudus
1400 3354 1456 3394 ιιι
1469 3344 1555 3410 potest
1568 3342 1714 3413 occiperc,·
1733 3351 1801 3417 quia
1817 3367 1874 3407 aaa

1022 3427 1095 3484 eiciet
1113 3443 1187 3495 eum,
1202 3442 1252 3482 acc
1265 3428 1316 3482 scit
1337 3443 1411 3485 cum.
1440 3430 1493 3485 Vos
1511 3433 1604 3486 aluam
1617 3438 1785 3502 caqnascetu
1797 3454 1873 3510 eum,

1022 3518 1088 3588 quia
1103 3516 1179 3588 apud
1198 3533 1244 3572 ιιι
1258 3517 1390 3582 manebit
1408 3521 1434 3573 et
1448 3520 1478 3572 iu
1491 3518 1564 3575 uobis
1592 3523 1657 3580 erit.
1682 3522 1773 3580 Multa
1792 3533 1874 3597 sunt,

1024 3623 1087 3679 qua
1103 3607 1209 3663 inistis
1224 3606 1323 3676 paucis
1343 3606 1439 3664 serbis
1465 3608 1579 3664 Domini
1598 3612 1801 3687 requirantur3
1821 3594 1881 3676 sod¹

1023 3696 1152 3753 multum
1168 3701 1213 3752 ιιι
1227 3696 1262 3752 ad
1280 3696 1385 3753 nosval
1397 3697 1497 3754 amnia
1507 3699 1626 3769 queblo
1636 3705 1793 3773 querenda
1804 3711 1875 3764 sunt

1024 3800 1163 3859 querere,
1178 3787 1222 3843 vel
1236 3787 1335 3842 omnia
1349 3802 1413 3858 que
1429 3786 1476 3843 bio
1491 3788 1651 3859 querimus
1666 3791 1805 3851 invenire.
1821 3795 1875 3855 Ve-

1024 3882 1190 3934 rumtamen
1206 3884 1346 3948 quantum
1358 3876 1442 3934 nobie
1452 3877 1592 3936 Dominus
1607 3881 1875 3957 donaredignatur,

1025 3982 1077 4040 pro
1093 3973 1191 4023 nostra
1206 3970 1235 4022 et
1249 3969 1343 4022 vestra
1363 3966 1533 4037 capacitate,
1557 3969 1627 4041 quid
1652 3970 1749 4029 dicero
1769 3975 1877 4033 debeo·

1026 4074 1103 4124 mus,
1121 4065 1146 4112 ιι
1162 4055 1232 4127 quid
1248 4055 1350 4112 audire
1372 4056 1512 4124 debeatis,
1530 4060 1721 4133 attendentes,
1746 4079 1797 4134 per
1811 4080 1876 4133 nos,

1025 4145 1200 4213 charissimi,
1217 4146 1295 4217 quod
1317 4160 1474 4217 possumus
1490 4147 1608 4217 sumite,
1634 4153 1664 4205 ιι
1677 4150 1714 4206 ab
1728 4149 1778 4207 illa
1798 4156 1876 4225 qood

1026 4254 1083 4293 non
1097 4252 1254 4308 possumus
1270 4235 1389 4307 poscite.
1401 4235 1541 4306 Spiritum
1557 4236 1733 4309 paracletum
1744 4240 1876 4300 Christus

1026 4326 1162 4399 promisit
1185 4324 1353 4397 Apostolis;
1378 4341 1436 4395 quo
1469 4336 1565 4380 aulem
1589 4326 1675 4383 modo
1700 4330 1875 4399 promiserit,

1024 4419 1222 4476 advertemus.
1238 4415 1269 4470 Si
1282 4414 1399 4482 dilipitis
1413 4431 1467 4484 me,
1482 4414 1590 4486 inquit,
1604 4416 1735 4474 mandata
1748 4434 1809 4476 mea
1822 4437 1878 4479 scr-

1024 4517 1085 4565 uate
1095 4523 1105 4562 .·
1115 4513 1142 4563 et
1156 4521 1204 4574 cqc
1214 4503 1313 4575 ropabo
1329 4507 1450 4569 Patrem,
1466 4508 1491 4558 ct
1505 4502 1595 4559 alium
1611 4507 1786 4564 Paracletum
1799 4510 1877 4570 dabit

1024 4597 1106 4662 cabis,
1122 4601 1151 4649 ut
1165 4596 1274 4649 maneat
1291 4591 1426 4647 babucum
1440 4592 1472 4647 ιι
1486 4600 1627 4663 aternum,
1649 4594 1785 4664 Spiritum
1803 4602 1875 4655 ueri·

1023 4686 1099 4741 tatis.
1124 4681 1176 4738 llic
1197 4687 1242 4737 ιιι
1263 4680 1365 4752 utique
1385 4680 1415 4736 in
1437 4680 1576 4737 Trinitate
1596 4680 1721 4754 Spiritus
1745 4693 1876 4759 sanctus,

1024 4788 1111 4848 quem
1133 4769 1209 4827 Patri
1223 4779 1249 4828 ιι
1266 4768 1336 4825 Pilio
1352 4768 1631 4828 consubstantialem
1646 4775 1675 4829 ιι
1696 4780 1872 4833 coeternum

1024 4865 1096 4920 lldea
1108 4859 1251 4919 catholica
1264 4859 1419 4917 confitetur
1434 4884 1442 4927 t
1460 4859 1522 4931 ipse
1536 4868 1580 4916 est
1594 4860 1630 4917 de
1645 4877 1701 4935 quo
1716 4863 1788 4920 dicit
1796 4866 1876 4936 Apo·

1023 4952 1127 5022 stolus,
1143 4950 1267 5007 ebaritas
1288 4949 1336 5007 liei
1349 4949 1450 5022 diliana
1465 4953 1504 5006 eet
1520 4949 1550 5004 ia
1565 4949 1694 5007 cordibus
1708 4955 1809 5009 ιοιιιιι
1822 4970 1873 5025 per

1021 5042 1158 5115 Spiritum
1180 5048 1313 5108 saucium,
1329 5041 1377 5111 qui
1400 5038 1481 5094 datus
1504 5043 1545 5094 est
1565 5039 1644 5093 uobis
1671 5039 1757 5108 (Rom.
1783 5057 1811 5105 v,
1830 5042 1870 5115 5).

1022 5125 1872 5200 QuomodoergoDominasdlolt,Stdilipitismc,madata
1917 5182 1920 5187 ⁴

1020 5233 1083 5275 saca
1096 5223 1224 5274 servate:
1244 5222 1270 5271 ιι
1284 5231 1335 5288 eqo
1349 5215 1448 5285 ropabo
1462 5218 1584 5277 Patrem.
1600 5216 1627 5270 el
1640 5213 1727 5269 altam
1741 5216 1872 5277 Paracle-

1021 5312 1079 5363 tum
1092 5305 1170 5361 dabc't
1184 5304 1282 5369 votis,·
1304 5318 1371 5359 oum
1395 5301 1449 5357 hoe
1477 5301 1554 5357 dicat
1582 5301 1617 5357 de
1633 5301 1741 5374 Spiritu
1759 5312 1872 5380 sancto,
1959 5362 1962 5367 .

1020 5410 1107 5468 quem
1123 5392 1179 5450 nisi
1195 5392 1361 5459 babeamus,
1387 5404 1440 5447 neo
1459 5389 1580 5461 diligere
1596 5391 1686 5447 Deum
1701 5408 1872 5468 possumus,
1939 5440 1942 5445 -

1019 5500 1073 5542 nec
1082 5482 1291 5554 ejusmsndata
1301 5478 1434 5537 servare?
1444 5479 1593 5545 Quomodo
1604 5478 1796 5554 diligimusut
1807 5502 1873 5548 eum

1018 5572 1205 5645 accipiamus,
1225 5585 1313 5646 quam
1326 5569 1386 5630 niel
1401 5568 1704 5645 ostendeturque
1719 5587 1778 5631 non
1794 5576 1874 5637 vale.
