<?xml version="1.0" encoding="UTF-8"?>
<!DOCTYPE html PUBLIC "-//W3C//DTD XHTML 1.0 Transitional//EN"
    "http://www.w3.org/TR/xhtml1/DTD/xhtml1-transitional.dtd">
<html xmlns="http://www.w3.org/1999/xhtml" xml:lang="en" lang="en">
 <head>
  <title>
</title>
<meta http-equiv="Content-Type" content="text/html;charset=utf-8" />
  <meta name='ocr-system' content='tesseract 3.04.00' />
  <meta name='ocr-capabilities' content='ocr_page ocr_carea ocr_par ocr_line ocrx_word'/>
</head>
<body>
  <div class='ocr_page' id='page_1' title='image "./patrologiaecurs07saingoog_0149.png"; bbox 0 0 3952 6150; ppageno 0'>
   <div class='ocr_carea' id='block_1_1' title="bbox 15 32 974 73">
    <p class='ocr_par' dir='ltr' id='par_1_1' title="bbox 15 32 974 73">
     <span class='ocr_line' id='line_1_1' title="bbox 15 32 974 73; baseline -0.005 0"><span class='ocrx_word' id='word_1_1' title='bbox 15 32 974 73; x_wconf 75' lang='lat'>——-—--·—,-—-</span> 
     </span>
    </p>
   </div>
   <div class='ocr_carea' id='block_1_2' title="bbox 143 326 1913 407">
    <p class='ocr_par' dir='ltr' id='par_1_2' title="bbox 143 326 1913 407">
     <span class='ocr_line' id='line_1_2' title="bbox 143 326 1913 407; baseline -0.006 -2"><span class='ocrx_word' id='word_1_2' title='bbox 143 342 222 406; x_wconf 78' lang='lat' dir='ltr'>itit</span> <span class='ocrx_word' id='word_1_3' title='bbox 619 338 659 402; x_wconf 83' lang='lat' dir='ltr'>iit</span> <span class='ocrx_word' id='word_1_4' title='bbox 681 338 844 403; x_wconf 77' lang='lat' dir='ltr'>ieiunis</span> <span class='ocrx_word' id='word_1_5' title='bbox 865 332 1130 407; x_wconf 79' lang='lat' dir='ltr'>nvtnniiuuii,</span> <span class='ocrx_word' id='word_1_6' title='bbox 1152 334 1185 395; x_wconf 84' lang='lat' dir='ltr'>S.</span> <span class='ocrx_word' id='word_1_7' title='bbox 1208 328 1422 397; x_wconf 76' lang='lat' dir='ltr'>innuerint</span> <span class='ocrx_word' id='word_1_8' title='bbox 1832 326 1913 394; x_wconf 71' lang='grc'>10110</span> 
     </span>
    </p>
   </div>
   <div class='ocr_carea' id='block_1_3' title="bbox 143 460 1925 2793">
    <p class='ocr_par' dir='ltr' id='par_1_3' title="bbox 143 460 1925 2793">
     <span class='ocr_line' id='line_1_3' title="bbox 143 460 1912 549; baseline -0.01 -11"><span class='ocrx_word' id='word_1_9' title='bbox 143 495 191 537; x_wconf 80' lang='grc' dir='ltr'>ιιι</span> <span class='ocrx_word' id='word_1_10' title='bbox 212 483 280 535; x_wconf 92' lang='lat' dir='ltr'>snut</span> <span class='ocrx_word' id='word_1_11' title='bbox 294 474 517 534; x_wconf 83' lang='lat' dir='ltr'>msieuieorum.</span> <span class='ocrx_word' id='word_1_12' title='bbox 535 473 604 533; x_wconf 88' lang='lat' dir='ltr'>iude</span> <span class='ocrx_word' id='word_1_13' title='bbox 618 473 743 533; x_wconf 85' lang='lat' dir='ltr'>cbsrltss</span> <span class='ocrx_word' id='word_1_14' title='bbox 752 473 922 549; x_wconf 76' lang='lat' dir='ltr'>refrigeseit,</span> <span class='ocrx_word' id='word_1_15' title='bbox 936 475 1002 532; x_wconf 91' lang='lat' dir='ltr'>inde</span> <span class='ocrx_word' id='word_1_16' title='bbox 1054 466 1272 545; x_wconf 80' lang='lat' dir='ltr'>experesuitisi</span> <span class='ocrx_word' id='word_1_17' title='bbox 1291 465 1366 533; x_wconf 80' lang='lat' dir='ltr'>uuio</span> <span class='ocrx_word' id='word_1_18' title='bbox 1395 462 1596 536; x_wconf 73' lang='lat' dir='ltr'>timeiisiiigu</span> <span class='ocrx_word' id='word_1_19' title='bbox 1626 460 1683 519; x_wconf 88' lang='lat' dir='ltr'>iste</span> <span class='ocrx_word' id='word_1_20' title='bbox 1698 461 1832 536; x_wconf 75' lang='lat' dir='ltr'>predixi,</span> <span class='ocrx_word' id='word_1_21' title='bbox 1856 478 1912 537; x_wconf 74' lang='lat' dir='ltr'>eqo</span> 
     </span>
     <span class='ocr_line' id='line_1_4' title="bbox 145 551 1912 640; baseline -0.008 -14"><span class='ocrx_word' id='word_1_22' title='bbox 145 569 252 627; x_wconf 89' lang='lat' dir='ltr'>lluotus</span> <span class='ocrx_word' id='word_1_23' title='bbox 267 573 422 640; x_wconf 77' lang='lat' dir='ltr'>augentur,</span> <span class='ocrx_word' id='word_1_24' title='bbox 438 570 468 624; x_wconf 85' lang='lat' dir='ltr'>st</span> <span class='ocrx_word' id='word_1_25' title='bbox 482 568 619 624; x_wconf 83' lang='lat' dir='ltr'>turbetur</span> <span class='ocrx_word' id='word_1_26' title='bbox 633 567 726 624; x_wconf 83' lang='lat' dir='ltr'>nevis.</span> <span class='ocrx_word' id='word_1_27' title='bbox 1054 563 1141 628; x_wconf 83' lang='lat' dir='ltr'>isoio,</span> <span class='ocrx_word' id='word_1_28' title='bbox 1157 573 1276 617; x_wconf 83' lang='lat' dir='ltr'>neeesse</span> <span class='ocrx_word' id='word_1_29' title='bbox 1287 559 1333 615; x_wconf 90' lang='lat' dir='ltr'>eet</span> <span class='ocrx_word' id='word_1_30' title='bbox 1355 561 1388 613; x_wconf 94' lang='lat' dir='ltr'>ut</span> <span class='ocrx_word' id='word_1_31' title='bbox 1415 554 1497 612; x_wconf 81' lang='lat' dir='ltr'>flent.</span> <span class='ocrx_word' id='word_1_32' title='bbox 1525 555 1582 623; x_wconf 78' lang='lat' dir='ltr'>liqo</span> <span class='ocrx_word' id='word_1_33' title='bbox 1609 568 1681 622; x_wconf 85' lang='lat' dir='ltr'>sum,</span> <span class='ocrx_word' id='word_1_34' title='bbox 1701 551 1912 611; x_wconf 71' lang='lat' dir='ltr'>uetustiorem.</span> 
     </span>
     <span class='ocr_line' id='line_1_5' title="bbox 178 646 1912 728; baseline -0.006 -16"><span class='ocrx_word' id='word_1_35' title='bbox 178 659 207 716; x_wconf 89' lang='lat' dir='ltr'>o.</span> <span class='ocrx_word' id='word_1_36' title='bbox 235 659 316 715; x_wconf 76' lang='lat' dir='ltr'>Vento</span> <span class='ocrx_word' id='word_1_37' title='bbox 337 671 435 723; x_wconf 82' lang='lat' dir='ltr'>mopso</span> <span class='ocrx_word' id='word_1_38' title='bbox 457 656 546 728; x_wconf 71' lang='lat' dir='ltr'>ponte</span> <span class='ocrx_word' id='word_1_39' title='bbox 567 672 645 713; x_wconf 86' lang='lat' dir='ltr'>mors</span> <span class='ocrx_word' id='word_1_40' title='bbox 666 657 844 727; x_wconf 76' lang='lat' dir='ltr'>reserpeiot.</span> <span class='ocrx_word' id='word_1_41' title='bbox 862 655 1000 714; x_wconf 80' lang='lat' dir='ltr'>&#39;tenebre</span> <span class='ocrx_word' id='word_1_42' title='bbox 1056 652 1204 709; x_wconf 79' lang='lat' dir='ltr'>Voluerunt</span> <span class='ocrx_word' id='word_1_43' title='bbox 1217 663 1280 722; x_wconf 82' lang='lat' dir='ltr'>erqo</span> <span class='ocrx_word' id='word_1_44' title='bbox 1294 663 1359 705; x_wconf 83' lang='grc' dir='ltr'><strong>ιιιιι</strong></span> <span class='ocrx_word' id='word_1_45' title='bbox 1371 647 1494 720; x_wconf 84' lang='lat' dir='ltr'>oeos&#39;pers</span> <span class='ocrx_word' id='word_1_46' title='bbox 1508 646 1540 701; x_wconf 84' lang='lat' dir='ltr'>irs</span> <span class='ocrx_word' id='word_1_47' title='bbox 1553 646 1656 713; x_wconf 68' lang='lat' dir='ltr'>nomm,</span> <span class='ocrx_word' id='word_1_48' title='bbox 1671 648 1864 718; x_wconf 77' lang='lat' dir='ltr'>egnesosutss</span> <span class='ocrx_word' id='word_1_49' title='bbox 1877 660 1912 703; x_wconf 86' lang='lat' dir='ltr'>so</span> 
     </span>
     <span class='ocr_line' id='line_1_6' title="bbox 143 731 1912 818; baseline -0.008 -14"><span class='ocrx_word' id='word_1_50' title='bbox 143 747 324 815; x_wconf 87' lang='lat' dir='ltr'>oreeoebeut,</span> <span class='ocrx_word' id='word_1_51' title='bbox 340 743 534 817; x_wconf 77' lang='lat' dir='ltr'>intelligentia</span> <span class='ocrx_word' id='word_1_52' title='bbox 550 745 748 813; x_wconf 69' lang='lat' dir='ltr'>minuebatur,</span> <span class='ocrx_word' id='word_1_53' title='bbox 759 746 899 818; x_wconf 88' lang='lat' dir='ltr'>iniqnitss</span> <span class='ocrx_word' id='word_1_54' title='bbox 911 758 999 817; x_wconf 77' lang='lat' dir='ltr'>euge·</span> <span class='ocrx_word' id='word_1_55' title='bbox 1056 740 1227 813; x_wconf 74' lang='lat' dir='ltr'>prudentes,</span> <span class='ocrx_word' id='word_1_56' title='bbox 1243 737 1337 795; x_wconf 89' lang='lat' dir='ltr'>seouri</span> <span class='ocrx_word' id='word_1_57' title='bbox 1353 735 1432 794; x_wconf 83' lang='lat' dir='ltr'>lusti.</span> <span class='ocrx_word' id='word_1_58' title='bbox 1447 735 1481 792; x_wconf 91' lang='lat' dir='ltr'>lit</span> <span class='ocrx_word' id='word_1_59' title='bbox 1494 736 1589 791; x_wconf 82' lang='lat' dir='ltr'>stultos</span> <span class='ocrx_word' id='word_1_60' title='bbox 1597 733 1654 806; x_wconf 76' lang='lat' dir='ltr'>suit</span> <span class='ocrx_word' id='word_1_61' title='bbox 1664 731 1745 790; x_wconf 74' lang='lat' dir='ltr'>esuis</span> <span class='ocrx_word' id='word_1_62' title='bbox 1758 733 1795 789; x_wconf 84' lang='lat' dir='ltr'>od</span> <span class='ocrx_word' id='word_1_63' title='bbox 1808 736 1912 790; x_wconf 79' lang='lat' dir='ltr'>terrum</span> 
     </span>
     <span class='ocr_line' id='line_1_7' title="bbox 144 820 1913 907; baseline -0.007 -14"><span class='ocrx_word' id='word_1_64' title='bbox 144 834 242 894; x_wconf 88' lang='lat' dir='ltr'>bstur.</span> <span class='ocrx_word' id='word_1_65' title='bbox 259 833 326 890; x_wconf 87' lang='lat' dir='ltr'>Cum</span> <span class='ocrx_word' id='word_1_66' title='bbox 341 835 524 903; x_wconf 81' lang='lat' dir='ltr'>remipossoot</span> <span class='ocrx_word' id='word_1_67' title='bbox 534 848 603 903; x_wconf 83' lang='lat' dir='ltr'>erpo</span> <span class='ocrx_word' id='word_1_68' title='bbox 617 832 698 907; x_wconf 81' lang='lat' dir='ltr'>puori</span> <span class='ocrx_word' id='word_1_69' title='bbox 711 834 802 890; x_wconf 71' lang='lat' dir='ltr'>nodio</span> <span class='ocrx_word' id='word_1_70' title='bbox 812 832 913 905; x_wconf 84' lang='lat' dir='ltr'>uipinti</span> <span class='ocrx_word' id='word_1_71' title='bbox 922 832 1003 904; x_wconf 84' lang='lat' dir='ltr'>quiri-</span> <span class='ocrx_word' id='word_1_72' title='bbox 1056 831 1087 886; x_wconf 88' lang='lat' dir='ltr'>irs</span> <span class='ocrx_word' id='word_1_73' title='bbox 1100 845 1184 904; x_wconf 84' lang='lat' dir='ltr'>qsoss</span> <span class='ocrx_word' id='word_1_74' title='bbox 1193 826 1393 885; x_wconf 77' lang='lat' dir='ltr'>ibunt.l&#39;sotus</span> <span class='ocrx_word' id='word_1_75' title='bbox 1407 828 1453 882; x_wconf 91' lang='lat' dir='ltr'>est</span> <span class='ocrx_word' id='word_1_76' title='bbox 1466 823 1579 881; x_wconf 86' lang='lat' dir='ltr'>linissd</span> <span class='ocrx_word' id='word_1_77' title='bbox 1590 828 1698 881; x_wconf 85' lang='lat' dir='ltr'>terrem</span> <span class='ocrx_word' id='word_1_78' title='bbox 1715 839 1722 880; x_wconf 92' lang='lat'><strong>:</strong></span> <span class='ocrx_word' id='word_1_79' title='bbox 1739 823 1776 879; x_wconf 88' lang='lat' dir='ltr'>do</span> <span class='ocrx_word' id='word_1_80' title='bbox 1788 820 1913 880; x_wconf 89' lang='lat' dir='ltr'>bumido</span> 
     </span>
     <span class='ocr_line' id='line_1_8' title="bbox 144 911 1911 998; baseline -0.007 -17"><span class='ocrx_word' id='word_1_81' title='bbox 144 940 198 998; x_wconf 86' lang='lat' dir='ltr'>que</span> <span class='ocrx_word' id='word_1_82' title='bbox 211 932 259 980; x_wconf 82' lang='lat' dir='ltr'>out</span> <span class='ocrx_word' id='word_1_83' title='bbox 280 924 406 994; x_wconf 77' lang='lat' dir='ltr'>triptota.</span> <span class='ocrx_word' id='word_1_84' title='bbox 428 922 542 980; x_wconf 89' lang='lat' dir='ltr'>interes</span> <span class='ocrx_word' id='word_1_85' title='bbox 559 922 761 993; x_wconf 84' lang='lat' dir='ltr'>umbuiubunt,</span> <span class='ocrx_word' id='word_1_86' title='bbox 780 921 999 997; x_wconf 85' lang='lat' dir='ltr'>promovebunt,</span> <span class='ocrx_word' id='word_1_87' title='bbox 1053 920 1091 977; x_wconf 87' lang='lat' dir='ltr'>sd</span> <span class='ocrx_word' id='word_1_88' title='bbox 1106 917 1245 988; x_wconf 88' lang='lat' dir='ltr'>solidum,</span> <span class='ocrx_word' id='word_1_89' title='bbox 1261 918 1299 975; x_wconf 83' lang='lat' dir='ltr'>ilo</span> <span class='ocrx_word' id='word_1_90' title='bbox 1327 916 1443 974; x_wconf 88' lang='lat' dir='ltr'>turbetn</span> <span class='ocrx_word' id='word_1_91' title='bbox 1468 915 1502 972; x_wconf 86' lang='lat' dir='ltr'>sd</span> <span class='ocrx_word' id='word_1_92' title='bbox 1529 914 1660 983; x_wconf 86' lang='lat' dir='ltr'>ilrmum,</span> <span class='ocrx_word' id='word_1_93' title='bbox 1681 913 1718 970; x_wconf 91' lang='lat' dir='ltr'>de</span> <span class='ocrx_word' id='word_1_94' title='bbox 1742 911 1849 971; x_wconf 86' lang='lat' dir='ltr'>itinere</span> <span class='ocrx_word' id='word_1_95' title='bbox 1875 912 1911 969; x_wconf 88' lang='lat' dir='ltr'>sd</span> 
     </span>
     <span class='ocr_line' id='line_1_9' title="bbox 143 1010 1155 1087; baseline -0.008 -13"><span class='ocrx_word' id='word_1_96' title='bbox 143 1028 199 1074; x_wconf 87' lang='lat' dir='ltr'>nou</span> <span class='ocrx_word' id='word_1_97' title='bbox 213 1016 290 1073; x_wconf 81' lang='lat' dir='ltr'>senti</span> <span class='ocrx_word' id='word_1_98' title='bbox 306 1014 350 1071; x_wconf 92' lang='lat' dir='ltr'>iili</span> <span class='ocrx_word' id='word_1_99' title='bbox 364 1018 393 1071; x_wconf 91' lang='lat' dir='ltr'>st</span> <span class='ocrx_word' id='word_1_100' title='bbox 408 1018 596 1087; x_wconf 86' lang='lat' dir='ltr'>tempeststes</span> <span class='ocrx_word' id='word_1_101' title='bbox 610 1022 638 1070; x_wconf 88' lang='lat' dir='ltr'>et</span> <span class='ocrx_word' id='word_1_102' title='bbox 660 1015 764 1073; x_wconf 82' lang='lat' dir='ltr'>fluetus</span> <span class='ocrx_word' id='word_1_103' title='bbox 778 1020 806 1073; x_wconf 87' lang='lat' dir='ltr'>ei</span> <span class='ocrx_word' id='word_1_104' title='bbox 830 1013 955 1072; x_wconf 78' lang='lat' dir='ltr'>tenebere</span> <span class='ocrx_word' id='word_1_105' title='bbox 967 1012 997 1069; x_wconf 85' lang='lat' dir='ltr'>isl</span> <span class='ocrx_word' id='word_1_106' title='bbox 1053 1010 1155 1067; x_wconf 87' lang='lat' dir='ltr'>uuem.</span> 
     </span>
     <span class='ocr_line' id='line_1_10' title="bbox 147 1090 1915 1178; baseline -0.006 -17"><span class='ocrx_word' id='word_1_107' title='bbox 147 1104 282 1178; x_wconf 78' lang='lat' dir='ltr'>egebunt,</span> <span class='ocrx_word' id='word_1_108' title='bbox 298 1108 332 1160; x_wconf 90' lang='lat' dir='ltr'>ut</span> <span class='ocrx_word' id='word_1_109' title='bbox 346 1102 389 1161; x_wconf 89' lang='lat' dir='ltr'>vei</span> <span class='ocrx_word' id='word_1_110' title='bbox 405 1103 489 1160; x_wconf 82' lang='lat' dir='ltr'>nsvis</span> <span class='ocrx_word' id='word_1_111' title='bbox 505 1118 562 1159; x_wconf 91' lang='lat' dir='ltr'>uun</span> <span class='ocrx_word' id='word_1_112' title='bbox 583 1111 809 1176; x_wconf 69' lang='lat' dir='ltr'><strong>promoveretur,</strong></span> <span class='ocrx_word' id='word_1_113' title='bbox 835 1103 879 1162; x_wconf 81' lang='lat' dir='ltr'>sel</span> <span class='ocrx_word' id='word_1_114' title='bbox 899 1105 998 1161; x_wconf 87' lang='lat' dir='ltr'>soluts</span> <span class='ocrx_word' id='word_1_115' title='bbox 1085 1101 1114 1156; x_wconf 88' lang='lat'>8.</span> <span class='ocrx_word' id='word_1_116' title='bbox 1130 1099 1222 1157; x_wconf 79' lang='lat' dir='ltr'>Altero</span> <span class='ocrx_word' id='word_1_117' title='bbox 1234 1097 1278 1155; x_wconf 87' lang='lat' dir='ltr'>dis</span> <span class='ocrx_word' id='word_1_118' title='bbox 1291 1096 1373 1154; x_wconf 84' lang='lat' dir='ltr'>turbo</span> <span class='ocrx_word' id='word_1_119' title='bbox 1387 1111 1449 1168; x_wconf 70' lang='lat' dir='ltr'>quo</span> <span class='ocrx_word' id='word_1_120' title='bbox 1461 1094 1553 1152; x_wconf 81' lang='lat' dir='ltr'>stoiot</span> <span class='ocrx_word' id='word_1_121' title='bbox 1568 1099 1646 1152; x_wconf 84' lang='lat' dir='ltr'>truns</span> <span class='ocrx_word' id='word_1_122' title='bbox 1666 1109 1754 1162; x_wconf 82' lang='lat' dir='ltr'>more,</span> <span class='ocrx_word' id='word_1_123' title='bbox 1775 1092 1855 1151; x_wconf 87' lang='lat' dir='ltr'>unde</span> <span class='ocrx_word' id='word_1_124' title='bbox 1869 1090 1915 1151; x_wconf 91' lang='lat' dir='ltr'>illi</span> 
     </span>
     <span class='ocr_line' id='line_1_11' title="bbox 148 1183 1915 1265; baseline -0.006 -16"><span class='ocrx_word' id='word_1_125' title='bbox 148 1195 326 1265; x_wconf 74' lang='lat' dir='ltr'>mergeretur</span> <span class='ocrx_word' id='word_1_126' title='bbox 341 1208 351 1250; x_wconf 76' lang='lat' dir='ltr'>s</span> <span class='ocrx_word' id='word_1_127' title='bbox 365 1193 416 1250; x_wconf 87' lang='lat' dir='ltr'>esd</span> <span class='ocrx_word' id='word_1_128' title='bbox 437 1193 511 1250; x_wconf 89' lang='lat' dir='ltr'>iuter</span> <span class='ocrx_word' id='word_1_129' title='bbox 527 1191 578 1249; x_wconf 91' lang='lat' dir='ltr'>ilis</span> <span class='ocrx_word' id='word_1_130' title='bbox 591 1193 701 1250; x_wconf 89' lang='lat' dir='ltr'>ommis</span> <span class='ocrx_word' id='word_1_131' title='bbox 712 1194 790 1251; x_wconf 86' lang='lat' dir='ltr'>mels</span> <span class='ocrx_word' id='word_1_132' title='bbox 799 1194 870 1251; x_wconf 85' lang='lat' dir='ltr'>ibet.</span> <span class='ocrx_word' id='word_1_133' title='bbox 883 1193 997 1250; x_wconf 85' lang='lat' dir='ltr'>lltsuim</span> <span class='ocrx_word' id='word_1_134' title='bbox 1049 1193 1200 1258; x_wconf 81' lang='lat' dir='ltr'>reuerent,</span> <span class='ocrx_word' id='word_1_135' title='bbox 1214 1187 1283 1245; x_wconf 84' lang='lat' dir='ltr'>uidit</span> <span class='ocrx_word' id='word_1_136' title='bbox 1300 1186 1505 1259; x_wconf 83' lang='lat' dir='ltr'>quiooooiouto</span> <span class='ocrx_word' id='word_1_137' title='bbox 1518 1200 1574 1242; x_wconf 83' lang='lat' dir='ltr'>rsoo</span> <span class='ocrx_word' id='word_1_138' title='bbox 1588 1189 1648 1241; x_wconf 83' lang='lat' dir='ltr'>eret</span> <span class='ocrx_word' id='word_1_139' title='bbox 1663 1183 1706 1240; x_wconf 82' lang='lat' dir='ltr'>ibi</span> <span class='ocrx_word' id='word_1_140' title='bbox 1720 1184 1776 1241; x_wconf 77' lang='lat' dir='ltr'>uisi</span> <span class='ocrx_word' id='word_1_141' title='bbox 1796 1198 1866 1253; x_wconf 74' lang='lat' dir='ltr'>m,</span> <span class='ocrx_word' id='word_1_142' title='bbox 1885 1186 1915 1239; x_wconf 85' lang='lat' dir='ltr'>st</span> 
     </span>
     <span class='ocr_line' id='line_1_12' title="bbox 144 1272 1913 1354; baseline -0.005 -16"><span class='ocrx_word' id='word_1_143' title='bbox 144 1281 214 1354; x_wconf 89' lang='lat' dir='ltr'>quis</span> <span class='ocrx_word' id='word_1_144' title='bbox 227 1281 387 1340; x_wconf 77' lang='lat' dir='ltr'>sbundsvit</span> <span class='ocrx_word' id='word_1_145' title='bbox 403 1283 555 1354; x_wconf 77' lang='lat' dir='ltr'>iniquitis,</span> <span class='ocrx_word' id='word_1_146' title='bbox 566 1287 596 1339; x_wconf 87' lang='lat' dir='ltr'>ei</span> <span class='ocrx_word' id='word_1_147' title='bbox 606 1283 766 1353; x_wconf 78' lang='lat' dir='ltr'>relripesoit</span> <span class='ocrx_word' id='word_1_148' title='bbox 781 1284 908 1341; x_wconf 82' lang='lat' dir='ltr'>churitss</span> <span class='ocrx_word' id='word_1_149' title='bbox 924 1281 998 1340; x_wconf 91' lang='lat' dir='ltr'>mul·</span> <span class='ocrx_word' id='word_1_150' title='bbox 1051 1281 1118 1353; x_wconf 89' lang='lat' dir='ltr'>quio</span> <span class='ocrx_word' id='word_1_151' title='bbox 1136 1294 1190 1336; x_wconf 85' lang='lat' dir='ltr'>nors</span> <span class='ocrx_word' id='word_1_152' title='bbox 1204 1277 1343 1335; x_wconf 69' lang='lat' dir='ltr'>introisset</span> <span class='ocrx_word' id='word_1_153' title='bbox 1356 1292 1418 1333; x_wconf 79' lang='lat' dir='ltr'>oure</span> <span class='ocrx_word' id='word_1_154' title='bbox 1430 1275 1576 1348; x_wconf 74' lang='lat' dir='ltr'>discipulis</span> <span class='ocrx_word' id='word_1_155' title='bbox 1593 1275 1656 1331; x_wconf 78' lang='lat' dir='ltr'>suis</span> <span class='ocrx_word' id='word_1_156' title='bbox 1675 1275 1707 1331; x_wconf 84' lang='lat' dir='ltr'>in</span> <span class='ocrx_word' id='word_1_157' title='bbox 1731 1288 1843 1345; x_wconf 76' lang='grc' dir='ltr'><strong>ιιικιιι,</strong></span> <span class='ocrx_word' id='word_1_158' title='bbox 1865 1272 1913 1330; x_wconf 82' lang='lat' dir='ltr'>sed</span> 
     </span>
     <span class='ocr_line' id='line_1_13' title="bbox 148 1365 1916 1446; baseline -0.005 -18"><span class='ocrx_word' id='word_1_159' title='bbox 148 1376 258 1441; x_wconf 86' lang='lat' dir='ltr'>turum,</span> <span class='ocrx_word' id='word_1_160' title='bbox 270 1377 406 1431; x_wconf 87' lang='lat' dir='ltr'>oresouni</span> <span class='ocrx_word' id='word_1_161' title='bbox 416 1373 532 1442; x_wconf 88' lang='lat' dir='ltr'>iinotus,</span> <span class='ocrx_word' id='word_1_162' title='bbox 546 1379 689 1446; x_wconf 73' lang='lat' dir='ltr'>ungentur</span> <span class='ocrx_word' id='word_1_163' title='bbox 699 1376 835 1439; x_wconf 83' lang='lat' dir='ltr'>tenebre,</span> <span class='ocrx_word' id='word_1_164' title='bbox 842 1375 922 1430; x_wconf 80' lang='lat' dir='ltr'>serit</span> <span class='ocrx_word' id='word_1_165' title='bbox 930 1389 999 1429; x_wconf 85' lang='lat' dir='ltr'>ven·</span> <span class='ocrx_word' id='word_1_166' title='bbox 1053 1370 1104 1426; x_wconf 82' lang='lat' dir='ltr'>soti</span> <span class='ocrx_word' id='word_1_167' title='bbox 1124 1366 1253 1438; x_wconf 75' lang='lat' dir='ltr'>discipuli</span> <span class='ocrx_word' id='word_1_168' title='bbox 1269 1366 1331 1436; x_wconf 85' lang='lat' dir='ltr'>ejus</span> <span class='ocrx_word' id='word_1_169' title='bbox 1345 1365 1504 1425; x_wconf 80' lang='lat' dir='ltr'>obiissent:</span> <span class='ocrx_word' id='word_1_170' title='bbox 1527 1365 1592 1422; x_wconf 75' lang='lat' dir='ltr'>otiu</span> <span class='ocrx_word' id='word_1_171' title='bbox 1612 1379 1676 1421; x_wconf 85' lang='lat' dir='ltr'>roro</span> <span class='ocrx_word' id='word_1_172' title='bbox 1691 1370 1916 1437; x_wconf 71' lang='lat' dir='ltr'>superstiterunt</span> 
     </span>
     <span class='ocr_line' id='line_1_14' title="bbox 146 1452 1920 1537; baseline -0.002 -17"><span class='ocrx_word' id='word_1_173' title='bbox 146 1466 194 1520; x_wconf 85' lang='lat' dir='ltr'>tus</span> <span class='ocrx_word' id='word_1_174' title='bbox 207 1476 218 1521; x_wconf 76' lang='lat' dir='ltr'>t</span> <span class='ocrx_word' id='word_1_175' title='bbox 233 1464 280 1520; x_wconf 91' lang='lat' dir='ltr'>ted</span> <span class='ocrx_word' id='word_1_176' title='bbox 297 1469 395 1522; x_wconf 90' lang='lat' dir='ltr'>temen</span> <span class='ocrx_word' id='word_1_177' title='bbox 411 1463 494 1522; x_wconf 84' lang='lat' dir='ltr'>nevis</span> <span class='ocrx_word' id='word_1_178' title='bbox 510 1463 651 1522; x_wconf 84' lang='lat' dir='ltr'>umbuist.</span> <span class='ocrx_word' id='word_1_179' title='bbox 665 1465 719 1534; x_wconf 79' lang='lat' dir='ltr'>ossi</span> <span class='ocrx_word' id='word_1_180' title='bbox 732 1465 1002 1537; x_wconf 83' lang='lat' dir='ltr'>enimpersererooe·</span> <span class='ocrx_word' id='word_1_181' title='bbox 1054 1472 1139 1515; x_wconf 70' lang='lat' dir='ltr'>usust</span> <span class='ocrx_word' id='word_1_182' title='bbox 1151 1474 1170 1513; x_wconf 77' lang='lat' dir='ltr'><strong><em>a</em></strong></span> <span class='ocrx_word' id='word_1_183' title='bbox 1187 1456 1340 1521; x_wconf 62' lang='lat' dir='ltr'>meritis.</span> <span class='ocrx_word' id='word_1_184' title='bbox 1351 1455 1439 1526; x_wconf 73' lang='lat' dir='ltr'>jussa</span> <span class='ocrx_word' id='word_1_185' title='bbox 1452 1454 1540 1511; x_wconf 73' lang='lat' dir='ltr'>beers</span> <span class='ocrx_word' id='word_1_186' title='bbox 1554 1452 1844 1511; x_wconf 70' lang='lat' dir='ltr'>tibimwlwtmtl</span> <span class='ocrx_word' id='word_1_187' title='bbox 1866 1467 1920 1525; x_wconf 91' lang='lat' dir='ltr'>po·</span> 
     </span>
     <span class='ocr_line' id='line_1_15' title="bbox 148 1542 1918 1629; baseline -0.003 -18"><span class='ocrx_word' id='word_1_188' title='bbox 148 1556 191 1611; x_wconf 83' lang='lat' dir='ltr'>rit</span> <span class='ocrx_word' id='word_1_189' title='bbox 204 1570 291 1628; x_wconf 77' lang='lat' dir='ltr'>usque</span> <span class='ocrx_word' id='word_1_190' title='bbox 305 1557 338 1613; x_wconf 79' lang='lat' dir='ltr'>in</span> <span class='ocrx_word' id='word_1_191' title='bbox 351 1556 443 1625; x_wconf 73' lang='lat' dir='ltr'>prem,</span> <span class='ocrx_word' id='word_1_192' title='bbox 460 1556 506 1613; x_wconf 80' lang='lat' dir='ltr'>tie</span> <span class='ocrx_word' id='word_1_193' title='bbox 519 1554 610 1612; x_wconf 78' lang='lat' dir='ltr'>sotem</span> <span class='ocrx_word' id='word_1_194' title='bbox 620 1554 784 1629; x_wconf 64' lang='lat' dir='ltr'>crisantii.</span> <span class='ocrx_word' id='word_1_195' title='bbox 801 1570 876 1625; x_wconf 80' lang='lat' dir='ltr'>nn,</span> <span class='ocrx_word' id='word_1_196' title='bbox 885 1554 928 1625; x_wconf 84' lang='lat'>12,</span> <span class='ocrx_word' id='word_1_197' title='bbox 945 1555 998 1628; x_wconf 81' lang='lat' dir='ltr'>it).</span> <span class='ocrx_word' id='word_1_198' title='bbox 1054 1549 1369 1622; x_wconf 59' lang='lat' dir='ltr'>sempersenmper</span> <span class='ocrx_word' id='word_1_199' title='bbox 1384 1545 1508 1602; x_wconf 76' lang='lat' dir='ltr'>nomino.</span> <span class='ocrx_word' id='word_1_200' title='bbox 1524 1543 1592 1601; x_wconf 81' lang='lat' dir='ltr'>cem</span> <span class='ocrx_word' id='word_1_201' title='bbox 1605 1542 1813 1614; x_wconf 74' lang='lat' dir='ltr'>ooooiiissest</span> <span class='ocrx_word' id='word_1_202' title='bbox 1828 1542 1918 1601; x_wconf 74' lang='lat' dir='ltr'>serie</span> 
     </span>
     <span class='ocr_line' id='line_1_16' title="bbox 149 1631 1917 1716; baseline -0.006 -16"><span class='ocrx_word' id='word_1_203' title='bbox 149 1642 209 1700; x_wconf 87' lang='lat' dir='ltr'>Neo</span> <span class='ocrx_word' id='word_1_204' title='bbox 224 1644 285 1716; x_wconf 89' lang='lat' dir='ltr'>ipse</span> <span class='ocrx_word' id='word_1_205' title='bbox 299 1646 461 1702; x_wconf 85' lang='lat' dir='ltr'>studiorum</span> <span class='ocrx_word' id='word_1_206' title='bbox 478 1661 619 1703; x_wconf 89' lang='lat' dir='ltr'>numerus</span> <span class='ocrx_word' id='word_1_207' title='bbox 634 1645 931 1702; x_wconf 83' lang='lat' dir='ltr'>oontemnundusest.</span> <span class='ocrx_word' id='word_1_208' title='bbox 946 1642 1001 1700; x_wconf 86' lang='lat' dir='ltr'>Ne·</span> <span class='ocrx_word' id='word_1_209' title='bbox 1056 1637 1120 1712; x_wconf 85' lang='lat' dir='ltr'>quio</span> <span class='ocrx_word' id='word_1_210' title='bbox 1132 1637 1208 1694; x_wconf 79' lang='lat' dir='ltr'>lesus</span> <span class='ocrx_word' id='word_1_211' title='bbox 1223 1653 1278 1694; x_wconf 82' lang='lat' dir='ltr'>uon</span> <span class='ocrx_word' id='word_1_212' title='bbox 1298 1640 1365 1692; x_wconf 88' lang='lat' dir='ltr'>esset</span> <span class='ocrx_word' id='word_1_213' title='bbox 1386 1636 1435 1703; x_wconf 85' lang='lat' dir='ltr'>ibi,</span> <span class='ocrx_word' id='word_1_214' title='bbox 1452 1649 1540 1708; x_wconf 84' lang='lat' dir='ltr'>rseqsre</span> <span class='ocrx_word' id='word_1_215' title='bbox 1554 1633 1687 1706; x_wconf 84' lang='lat' dir='ltr'>diseipsii</span> <span class='ocrx_word' id='word_1_216' title='bbox 1700 1631 1772 1703; x_wconf 78' lang='lat' dir='ltr'>ejus,</span> <span class='ocrx_word' id='word_1_217' title='bbox 1786 1632 1917 1690; x_wconf 62' lang='lat' dir='ltr'>noenu·</span> 
     </span>
     <span class='ocr_line' id='line_1_17' title="bbox 150 1722 1918 1808; baseline -0.006 -19"><span class='ocrx_word' id='word_1_218' title='bbox 150 1748 208 1807; x_wconf 91' lang='lat' dir='ltr'>que</span> <span class='ocrx_word' id='word_1_219' title='bbox 222 1733 300 1791; x_wconf 92' lang='lat' dir='ltr'>euim</span> <span class='ocrx_word' id='word_1_220' title='bbox 316 1748 383 1792; x_wconf 85' lang='lat' dir='ltr'>vere</span> <span class='ocrx_word' id='word_1_221' title='bbox 398 1741 495 1808; x_wconf 87' lang='lat' dir='ltr'>posset</span> <span class='ocrx_word' id='word_1_222' title='bbox 510 1733 583 1791; x_wconf 91' lang='lat' dir='ltr'>nibil</span> <span class='ocrx_word' id='word_1_223' title='bbox 604 1733 768 1808; x_wconf 80' lang='lat' dir='ltr'>signiilours</span> <span class='ocrx_word' id='word_1_224' title='bbox 787 1734 865 1806; x_wconf 91' lang='lat' dir='ltr'>quod</span> <span class='ocrx_word' id='word_1_225' title='bbox 890 1733 1001 1789; x_wconf 84' lang='lat' dir='ltr'>dietum</span> <span class='ocrx_word' id='word_1_226' title='bbox 1057 1731 1124 1785; x_wconf 78' lang='lat' dir='ltr'>rust</span> <span class='ocrx_word' id='word_1_227' title='bbox 1139 1727 1170 1784; x_wconf 81' lang='lat' dir='ltr'>irs</span> <span class='ocrx_word' id='word_1_228' title='bbox 1184 1725 1337 1796; x_wconf 70' lang='lat' dir='ltr'>numesius,</span> <span class='ocrx_word' id='word_1_229' title='bbox 1348 1734 1374 1783; x_wconf 85' lang='lat' dir='ltr'>et</span> <span class='ocrx_word' id='word_1_230' title='bbox 1393 1728 1528 1782; x_wconf 73' lang='lat' dir='ltr'>reserent</span> <span class='ocrx_word' id='word_1_231' title='bbox 1543 1722 1742 1797; x_wconf 74' lang='lat' dir='ltr'>diptamnum</span> <span class='ocrx_word' id='word_1_232' title='bbox 1758 1727 1918 1796; x_wconf 75' lang='lat' dir='ltr'>qsaersrstes</span> 
     </span>
     <span class='ocr_line' id='line_1_18' title="bbox 149 1810 1922 1897; baseline -0.007 -17"><span class='ocrx_word' id='word_1_233' title='bbox 149 1826 204 1892; x_wconf 88' lang='lat' dir='ltr'>est,</span> <span class='ocrx_word' id='word_1_234' title='bbox 213 1825 280 1882; x_wconf 77' lang='lat' dir='ltr'>Gom</span> <span class='ocrx_word' id='word_1_235' title='bbox 290 1825 472 1896; x_wconf 83' lang='lat' dir='ltr'>remiposserrt</span> <span class='ocrx_word' id='word_1_236' title='bbox 482 1822 573 1881; x_wconf 84' lang='lat' dir='ltr'>stadio</span> <span class='ocrx_word' id='word_1_237' title='bbox 583 1825 686 1896; x_wconf 72' lang='lat' dir='ltr'>vipimi</span> <span class='ocrx_word' id='word_1_238' title='bbox 692 1825 867 1897; x_wconf 75' lang='lat' dir='ltr'>quinqueuiri</span> <span class='ocrx_word' id='word_1_239' title='bbox 876 1823 1003 1893; x_wconf 83' lang='lat' dir='ltr'>tripinto,</span> <span class='ocrx_word' id='word_1_240' title='bbox 1057 1818 1160 1877; x_wconf 81' lang='lat' dir='ltr'>issum.</span> <span class='ocrx_word' id='word_1_241' title='bbox 1176 1815 1362 1874; x_wconf 85' lang='lat' dir='ltr'>insiuustnm</span> <span class='ocrx_word' id='word_1_242' title='bbox 1378 1818 1476 1873; x_wconf 66' lang='lat' dir='ltr'>umen</span> <span class='ocrx_word' id='word_1_243' title='bbox 1490 1817 1535 1871; x_wconf 87' lang='lat' dir='ltr'>est</span> <span class='ocrx_word' id='word_1_244' title='bbox 1548 1813 1609 1871; x_wconf 89' lang='lat' dir='ltr'>iilis</span> <span class='ocrx_word' id='word_1_245' title='bbox 1623 1818 1684 1871; x_wconf 85' lang='lat' dir='ltr'>tum</span> <span class='ocrx_word' id='word_1_246' title='bbox 1698 1827 1841 1885; x_wconf 75' lang='lat' dir='ltr'>suspuum</span> <span class='ocrx_word' id='word_1_247' title='bbox 1856 1810 1922 1869; x_wconf 89' lang='lat' dir='ltr'>mi-</span> 
     </span>
     <span class='ocr_line' id='line_1_19' title="bbox 150 1902 1919 1987; baseline -0.005 -20"><span class='ocrx_word' id='word_1_248' title='bbox 150 1916 219 1970; x_wconf 86' lang='lat' dir='ltr'>tusso</span> <span class='ocrx_word' id='word_1_249' title='bbox 231 1910 268 1970; x_wconf 81' lang='lat' dir='ltr'>as</span> <span class='ocrx_word' id='word_1_250' title='bbox 285 1927 329 1971; x_wconf 86' lang='lat' dir='ltr'>eos</span> <span class='ocrx_word' id='word_1_251' title='bbox 342 1915 508 1972; x_wconf 80' lang='lat' dir='ltr'>renitiosus.</span> <span class='ocrx_word' id='word_1_252' title='bbox 524 1912 674 1972; x_wconf 81' lang='lat' dir='ltr'>Suifloerst</span> <span class='ocrx_word' id='word_1_253' title='bbox 688 1915 789 1985; x_wconf 83' lang='lat' dir='ltr'>ripirrti</span> <span class='ocrx_word' id='word_1_254' title='bbox 803 1916 935 1987; x_wconf 82' lang='lat' dir='ltr'>quinque,</span> <span class='ocrx_word' id='word_1_255' title='bbox 944 1912 1003 1970; x_wconf 89' lang='lat' dir='ltr'>sul·</span> <span class='ocrx_word' id='word_1_256' title='bbox 1055 1906 1205 1967; x_wconf 77' lang='lat' dir='ltr'>rusulum.</span> <span class='ocrx_word' id='word_1_257' title='bbox 1219 1905 1447 1966; x_wconf 76' lang='lat' dir='ltr'>Videruntenim</span> <span class='ocrx_word' id='word_1_258' title='bbox 1461 1903 1685 1978; x_wconf 89' lang='lat' dir='ltr'>quoddisoipuli</span> <span class='ocrx_word' id='word_1_259' title='bbox 1694 1902 1751 1961; x_wconf 94' lang='lat' dir='ltr'>soli</span> <span class='ocrx_word' id='word_1_260' title='bbox 1761 1902 1919 1961; x_wconf 83' lang='lat' dir='ltr'>ssosndis·</span> 
     </span>
     <span class='ocr_line' id='line_1_20' title="bbox 147 1991 1921 2077; baseline -0.003 -21"><span class='ocrx_word' id='word_1_261' title='bbox 147 1999 250 2060; x_wconf 83' lang='lat' dir='ltr'>iioeret</span> <span class='ocrx_word' id='word_1_262' title='bbox 271 2005 397 2076; x_wconf 65' lang='lat' dir='ltr'>tripula,</span> <span class='ocrx_word' id='word_1_263' title='bbox 419 2005 546 2061; x_wconf 80' lang='lat' dir='ltr'>merisne</span> <span class='ocrx_word' id='word_1_264' title='bbox 570 2006 639 2077; x_wconf 91' lang='lat' dir='ltr'>quie</span> <span class='ocrx_word' id='word_1_265' title='bbox 655 2003 827 2061; x_wconf 57' lang='lat' dir='ltr'>uestimentis</span> <span class='ocrx_word' id='word_1_266' title='bbox 847 2007 922 2073; x_wconf 89' lang='lat' dir='ltr'>eret,</span> <span class='ocrx_word' id='word_1_267' title='bbox 947 2017 1005 2060; x_wconf 90' lang='lat' dir='ltr'>uon</span> <span class='ocrx_word' id='word_1_268' title='bbox 1060 2002 1126 2058; x_wconf 91' lang='lat' dir='ltr'>sent</span> <span class='ocrx_word' id='word_1_269' title='bbox 1140 1997 1170 2055; x_wconf 92' lang='lat' dir='ltr'>in</span> <span class='ocrx_word' id='word_1_270' title='bbox 1185 2012 1299 2067; x_wconf 83' lang='lat' dir='ltr'>nerem,</span> <span class='ocrx_word' id='word_1_271' title='bbox 1312 1996 1420 2070; x_wconf 81' lang='lat' dir='ltr'>etquis</span> <span class='ocrx_word' id='word_1_272' title='bbox 1433 1996 1492 2052; x_wconf 85' lang='lat' dir='ltr'>ulie</span> <span class='ocrx_word' id='word_1_273' title='bbox 1507 1995 1659 2052; x_wconf 87' lang='lat' dir='ltr'>nevisnun</span> <span class='ocrx_word' id='word_1_274' title='bbox 1675 1992 1717 2051; x_wconf 91' lang='lat' dir='ltr'>lbi</span> <span class='ocrx_word' id='word_1_275' title='bbox 1731 1999 1804 2053; x_wconf 74' lang='lat' dir='ltr'>snt.</span> <span class='ocrx_word' id='word_1_276' title='bbox 1822 1991 1921 2051; x_wconf 82' lang='lat' dir='ltr'>iisne·</span> 
     </span>
     <span class='ocr_line' id='line_1_21' title="bbox 151 2083 1922 2167; baseline -0.004 -19"><span class='ocrx_word' id='word_1_277' title='bbox 151 2088 341 2149; x_wconf 84' lang='lat' dir='ltr'>sibrmsutis.</span> <span class='ocrx_word' id='word_1_278' title='bbox 356 2092 506 2167; x_wconf 81' lang='lat' dir='ltr'>Numquid</span> <span class='ocrx_word' id='word_1_279' title='bbox 526 2093 741 2167; x_wconf 86' lang='lat' dir='ltr'>periolitsretnr</span> <span class='ocrx_word' id='word_1_280' title='bbox 758 2096 867 2151; x_wconf 81' lang='lat' dir='ltr'>veritos</span> <span class='ocrx_word' id='word_1_281' title='bbox 885 2092 914 2148; x_wconf 92' lang='lat' dir='ltr'>iu</span> <span class='ocrx_word' id='word_1_282' title='bbox 928 2092 1004 2148; x_wconf 83' lang='lat' dir='ltr'>esti·</span> <span class='ocrx_word' id='word_1_283' title='bbox 1061 2093 1132 2146; x_wconf 89' lang='lat' dir='ltr'>runt</span> <span class='ocrx_word' id='word_1_284' title='bbox 1144 2087 1316 2145; x_wconf 87' lang='lat' dir='ltr'>suiemiude</span> <span class='ocrx_word' id='word_1_285' title='bbox 1330 2091 1360 2144; x_wconf 91' lang='lat' dir='ltr'>et</span> <span class='ocrx_word' id='word_1_286' title='bbox 1373 2085 1555 2159; x_wconf 84' lang='lat' dir='ltr'>ussesjuxts</span> <span class='ocrx_word' id='word_1_287' title='bbox 1568 2086 1667 2143; x_wconf 89' lang='lat' dir='ltr'>looum</span> <span class='ocrx_word' id='word_1_288' title='bbox 1677 2083 1821 2141; x_wconf 90' lang='lat' dir='ltr'>iilumubi</span> <span class='ocrx_word' id='word_1_289' title='bbox 1838 2098 1922 2141; x_wconf 87' lang='lat' dir='ltr'>msu-</span> 
     </span>
     <span class='ocr_line' id='line_1_22' title="bbox 151 2177 1921 2255; baseline -0.002 -19"><span class='ocrx_word' id='word_1_290' title='bbox 151 2183 260 2243; x_wconf 87' lang='lat' dir='ltr'>msuts.</span> <span class='ocrx_word' id='word_1_291' title='bbox 276 2181 299 2237; x_wconf 89' lang='lat' dir='ltr'>si</span> <span class='ocrx_word' id='word_1_292' title='bbox 318 2182 424 2239; x_wconf 83' lang='lat' dir='ltr'>diceret</span> <span class='ocrx_word' id='word_1_293' title='bbox 447 2184 543 2241; x_wconf 78' lang='lat' dir='ltr'>sitdiu</span> <span class='ocrx_word' id='word_1_294' title='bbox 566 2184 656 2240; x_wconf 86' lang='lat' dir='ltr'>terme</span> <span class='ocrx_word' id='word_1_295' title='bbox 684 2182 815 2255; x_wconf 76' lang='lat' dir='ltr'>trigiuie,</span> <span class='ocrx_word' id='word_1_296' title='bbox 836 2189 887 2238; x_wconf 87' lang='lat' dir='ltr'>sut</span> <span class='ocrx_word' id='word_1_297' title='bbox 913 2181 1007 2238; x_wconf 78' lang='lat' dir='ltr'>sudis</span> <span class='ocrx_word' id='word_1_298' title='bbox 1061 2177 1707 2252; x_wconf 81' lang='lat' dir='ltr'>duosveruntpsuem‚inquibuseumturbss</span> <span class='ocrx_word' id='word_1_299' title='bbox 1716 2178 1921 2235; x_wconf 67' lang='lat' dir='ltr'>uouusuut.</span> 
     </span>
     <span class='ocr_line' id='line_1_23' title="bbox 152 2263 1925 2345; baseline -0.001 -20"><span class='ocrx_word' id='word_1_300' title='bbox 152 2268 244 2327; x_wconf 88' lang='lat' dir='ltr'>lerme</span> <span class='ocrx_word' id='word_1_301' title='bbox 257 2271 360 2344; x_wconf 75' lang='lat' dir='ltr'>viginti</span> <span class='ocrx_word' id='word_1_302' title='bbox 375 2270 530 2345; x_wconf 85' lang='lat' dir='ltr'>qninquei</span> <span class='ocrx_word' id='word_1_303' title='bbox 544 2272 600 2330; x_wconf 88' lang='lat' dir='ltr'>Sed</span> <span class='ocrx_word' id='word_1_304' title='bbox 615 2287 649 2328; x_wconf 84' lang='lat' dir='ltr'>ex</span> <span class='ocrx_word' id='word_1_305' title='bbox 663 2271 765 2345; x_wconf 78' lang='lat' dir='ltr'>uiginti</span> <span class='ocrx_word' id='word_1_306' title='bbox 784 2270 915 2344; x_wconf 91' lang='lat' dir='ltr'>quinque</span> <span class='ocrx_word' id='word_1_307' title='bbox 939 2270 1008 2329; x_wconf 85' lang='lat' dir='ltr'>teuit</span> <span class='ocrx_word' id='word_1_308' title='bbox 1061 2271 1134 2329; x_wconf 84' lang='lat' dir='ltr'>Gom</span> <span class='ocrx_word' id='word_1_309' title='bbox 1150 2270 1303 2344; x_wconf 87' lang='lat' dir='ltr'>disoipuiis</span> <span class='ocrx_word' id='word_1_310' title='bbox 1316 2285 1383 2342; x_wconf 77' lang='lat' dir='ltr'>ergo</span> <span class='ocrx_word' id='word_1_311' title='bbox 1399 2285 1457 2326; x_wconf 92' lang='lat' dir='ltr'>nun</span> <span class='ocrx_word' id='word_1_312' title='bbox 1473 2268 1654 2335; x_wconf 70' lang='lat' dir='ltr'>estenderet,</span> <span class='ocrx_word' id='word_1_313' title='bbox 1670 2266 1729 2325; x_wconf 82' lang='lat' dir='ltr'>siis</span> <span class='ocrx_word' id='word_1_314' title='bbox 1749 2265 1835 2324; x_wconf 83' lang='lat' dir='ltr'>usrls</span> <span class='ocrx_word' id='word_1_315' title='bbox 1859 2263 1925 2323; x_wconf 90' lang='lat' dir='ltr'>illio</span> 
     </span>
     <span class='ocr_line' id='line_1_24' title="bbox 149 2352 1923 2433; baseline -0.001 -20"><span class='ocrx_word' id='word_1_316' title='bbox 149 2357 283 2431; x_wconf 75' lang='lat' dir='ltr'>triqiuts.</span> <span class='ocrx_word' id='word_1_317' title='bbox 298 2360 471 2425; x_wconf 76' lang='lat' dir='ltr'>oneremus</span> <span class='ocrx_word' id='word_1_318' title='bbox 485 2375 640 2419; x_wconf 89' lang='lat' dir='ltr'>numerum</span> <span class='ocrx_word' id='word_1_319' title='bbox 660 2362 836 2433; x_wconf 76' lang='lat' dir='ltr'>vigesimum</span> <span class='ocrx_word' id='word_1_320' title='bbox 861 2361 1007 2432; x_wconf 89' lang='lat' dir='ltr'>quintum.</span> <span class='ocrx_word' id='word_1_321' title='bbox 1063 2369 1198 2420; x_wconf 82' lang='lat' dir='ltr'>uoueret</span> <span class='ocrx_word' id='word_1_322' title='bbox 1215 2376 1222 2416; x_wconf 76' lang='grc' dir='ltr'><strong>ε</strong></span> <span class='ocrx_word' id='word_1_323' title='bbox 1240 2361 1317 2417; x_wconf 90' lang='lat' dir='ltr'>unde</span> <span class='ocrx_word' id='word_1_324' title='bbox 1331 2359 1430 2416; x_wconf 86' lang='lat' dir='ltr'>subito</span> <span class='ocrx_word' id='word_1_325' title='bbox 1444 2361 1526 2416; x_wconf 86' lang='lat' dir='ltr'>treus</span> <span class='ocrx_word' id='word_1_326' title='bbox 1541 2373 1623 2415; x_wconf 86' lang='lat' dir='ltr'>mure</span> <span class='ocrx_word' id='word_1_327' title='bbox 1639 2357 1734 2415; x_wconf 86' lang='lat' dir='ltr'>lsotus</span> <span class='ocrx_word' id='word_1_328' title='bbox 1755 2359 1802 2414; x_wconf 87' lang='lat' dir='ltr'>est</span> <span class='ocrx_word' id='word_1_329' title='bbox 1818 2352 1923 2423; x_wconf 77' lang='lat' dir='ltr'>lesus,</span> 
     </span>
     <span class='ocr_line' id='line_1_25' title="bbox 152 2444 1923 2524; baseline 0 -21"><span class='ocrx_word' id='word_1_330' title='bbox 152 2444 235 2504; x_wconf 82' lang='lat' dir='ltr'>Unde</span> <span class='ocrx_word' id='word_1_331' title='bbox 250 2452 375 2520; x_wconf 85' lang='lat' dir='ltr'>constet,</span> <span class='ocrx_word' id='word_1_332' title='bbox 392 2451 469 2508; x_wconf 92' lang='lat' dir='ltr'>uude</span> <span class='ocrx_word' id='word_1_333' title='bbox 484 2451 517 2507; x_wconf 89' lang='lat' dir='ltr'>lit</span> <span class='ocrx_word' id='word_1_334' title='bbox 530 2451 545 2507; x_wconf 85' lang='lat' dir='ltr'>i</span> <span class='ocrx_word' id='word_1_335' title='bbox 559 2451 601 2510; x_wconf 87' lang='lat' dir='ltr'>De</span> <span class='ocrx_word' id='word_1_336' title='bbox 615 2451 760 2524; x_wconf 88' lang='lat' dir='ltr'>qninsrio.</span> <span class='ocrx_word' id='word_1_337' title='bbox 779 2450 936 2518; x_wconf 81' lang='lat' dir='ltr'>ouinsrius</span> <span class='ocrx_word' id='word_1_338' title='bbox 960 2450 1010 2509; x_wconf 89' lang='lat' dir='ltr'>iile</span> <span class='ocrx_word' id='word_1_339' title='bbox 1065 2451 1124 2509; x_wconf 89' lang='lat' dir='ltr'>uisi</span> <span class='ocrx_word' id='word_1_340' title='bbox 1139 2451 1210 2524; x_wconf 88' lang='lat' dir='ltr'>quis</span> <span class='ocrx_word' id='word_1_341' title='bbox 1229 2464 1318 2523; x_wconf 87' lang='lat' dir='ltr'>super</span> <span class='ocrx_word' id='word_1_342' title='bbox 1328 2464 1408 2507; x_wconf 85' lang='lat' dir='ltr'>mure</span> <span class='ocrx_word' id='word_1_343' title='bbox 1422 2447 1593 2518; x_wconf 77' lang='lat' dir='ltr'>ementerii,</span> <span class='ocrx_word' id='word_1_344' title='bbox 1603 2453 1636 2504; x_wconf 88' lang='lat' dir='ltr'>ut</span> <span class='ocrx_word' id='word_1_345' title='bbox 1646 2445 1819 2504; x_wconf 83' lang='lat' dir='ltr'>mireeuium</span> <span class='ocrx_word' id='word_1_346' title='bbox 1836 2458 1923 2503; x_wconf 86' lang='lat' dir='ltr'>mou·</span> 
     </span>
     <span class='ocr_line' id='line_1_26' title="bbox 153 2538 1199 2614; baseline 0.004 -20"><span class='ocrx_word' id='word_1_347' title='bbox 153 2551 295 2596; x_wconf 86' lang='lat' dir='ltr'>numerus</span> <span class='ocrx_word' id='word_1_348' title='bbox 310 2538 344 2597; x_wconf 90' lang='lat' dir='ltr'>ed</span> <span class='ocrx_word' id='word_1_349' title='bbox 360 2542 465 2614; x_wconf 74' lang='lat' dir='ltr'>Legem</span> <span class='ocrx_word' id='word_1_350' title='bbox 481 2540 619 2614; x_wconf 79' lang='lat' dir='ltr'>pertinet.</span> <span class='ocrx_word' id='word_1_351' title='bbox 634 2539 693 2614; x_wconf 89' lang='lat' dir='ltr'>ipsi</span> <span class='ocrx_word' id='word_1_352' title='bbox 707 2544 780 2598; x_wconf 91' lang='lat' dir='ltr'>sunt</span> <span class='ocrx_word' id='word_1_353' title='bbox 792 2540 924 2612; x_wconf 87' lang='lat' dir='ltr'>quinque</span> <span class='ocrx_word' id='word_1_354' title='bbox 940 2539 1007 2597; x_wconf 87' lang='lat' dir='ltr'>iibri</span> <span class='ocrx_word' id='word_1_355' title='bbox 1063 2541 1199 2600; x_wconf 83' lang='lat' dir='ltr'>strersti</span> 
     </span>
     <span class='ocr_line' id='line_1_27' title="bbox 158 2623 1925 2703; baseline 0.001 -23"><span class='ocrx_word' id='word_1_356' title='bbox 158 2623 262 2697; x_wconf 76' lang='lat' dir='ltr'>Moysi,</span> <span class='ocrx_word' id='word_1_357' title='bbox 286 2626 356 2700; x_wconf 84' lang='lat' dir='ltr'>ipse</span> <span class='ocrx_word' id='word_1_358' title='bbox 377 2632 448 2686; x_wconf 89' lang='lat' dir='ltr'>suut</span> <span class='ocrx_word' id='word_1_359' title='bbox 473 2629 601 2702; x_wconf 90' lang='lat' dir='ltr'>quinque</span> <span class='ocrx_word' id='word_1_360' title='bbox 625 2630 756 2703; x_wconf 88' lang='lat' dir='ltr'>portione</span> <span class='ocrx_word' id='word_1_361' title='bbox 778 2629 835 2686; x_wconf 81' lang='lat' dir='ltr'>ilie</span> <span class='ocrx_word' id='word_1_362' title='bbox 853 2627 1009 2703; x_wconf 73' lang='lat' dir='ltr'>languidos</span> <span class='ocrx_word' id='word_1_363' title='bbox 1099 2633 1126 2690; x_wconf 81' lang='lat' dir='ltr'>t.</span> <span class='ocrx_word' id='word_1_364' title='bbox 1142 2632 1427 2689; x_wconf 68' lang='lat' dir='ltr'>comtemnero</span> <span class='ocrx_word' id='word_1_365' title='bbox 1445 2645 1509 2687; x_wconf 83' lang='lat' dir='ltr'>eum</span> <span class='ocrx_word' id='word_1_366' title='bbox 1522 2628 1623 2687; x_wconf 69' lang='lat' dir='ltr'>turbe.</span> <span class='ocrx_word' id='word_1_367' title='bbox 1638 2628 1711 2687; x_wconf 73' lang='lat' dir='ltr'>boue</span> <span class='ocrx_word' id='word_1_368' title='bbox 1736 2624 1925 2700; x_wconf 69' lang='lat' dir='ltr'>presentet?</span> 
     </span>
     <span class='ocr_line' id='line_1_28' title="bbox 156 2714 1922 2793; baseline 0 -21"><span class='ocrx_word' id='word_1_369' title='bbox 156 2714 351 2783; x_wconf 71' lang='lat' dir='ltr'>continentes,</span> <span class='ocrx_word' id='word_1_370' title='bbox 367 2717 422 2789; x_wconf 86' lang='lat' dir='ltr'>ipsi</span> <span class='ocrx_word' id='word_1_371' title='bbox 448 2718 577 2790; x_wconf 87' lang='lat' dir='ltr'>quinque</span> <span class='ocrx_word' id='word_1_372' title='bbox 591 2733 682 2791; x_wconf 81' lang='lat' dir='ltr'>penes</span> <span class='ocrx_word' id='word_1_373' title='bbox 697 2719 829 2792; x_wconf 88' lang='lat' dir='ltr'>quinque</span> <span class='ocrx_word' id='word_1_374' title='bbox 845 2717 938 2773; x_wconf 89' lang='lat' dir='ltr'>milile</span> <span class='ocrx_word' id='word_1_375' title='bbox 952 2716 1009 2773; x_wconf 91' lang='lat' dir='ltr'>bu·</span> <span class='ocrx_word' id='word_1_376' title='bbox 1066 2736 1097 2778; x_wconf 90' lang='lat' dir='ltr'>ee</span> <span class='ocrx_word' id='word_1_377' title='bbox 1113 2719 1214 2783; x_wconf 87' lang='lat' dir='ltr'>turbis.</span> <span class='ocrx_word' id='word_1_378' title='bbox 1230 2720 1371 2793; x_wconf 83' lang='lat' dir='ltr'>equibus</span> <span class='ocrx_word' id='word_1_379' title='bbox 1389 2736 1422 2776; x_wconf 87' lang='lat' dir='ltr'>se</span> <span class='ocrx_word' id='word_1_380' title='bbox 1435 2719 1499 2792; x_wconf 87' lang='lat' dir='ltr'>rupi</span> <span class='ocrx_word' id='word_1_381' title='bbox 1521 2717 1671 2787; x_wconf 74' lang='lat' dir='ltr'>timuerim,</span> <span class='ocrx_word' id='word_1_382' title='bbox 1685 2720 1717 2775; x_wconf 85' lang='lat' dir='ltr'>et</span> <span class='ocrx_word' id='word_1_383' title='bbox 1734 2716 1765 2774; x_wconf 92' lang='lat' dir='ltr'>iu</span> <span class='ocrx_word' id='word_1_384' title='bbox 1788 2720 1922 2773; x_wconf 86' lang='lat' dir='ltr'>muntem</span> 
     </span>
    </p>
   </div>
   <div class='ocr_carea' id='block_1_4' title="bbox 157 2803 1011 2972">
    <p class='ocr_par' dir='ltr' id='par_1_4' title="bbox 157 2803 1011 2972">
     <span class='ocr_line' id='line_1_29' title="bbox 158 2803 1011 2882; baseline 0.005 -23"><span class='ocrx_word' id='word_1_385' title='bbox 158 2803 273 2862; x_wconf 90' lang='lat' dir='ltr'>minum</span> <span class='ocrx_word' id='word_1_386' title='bbox 288 2812 451 2879; x_wconf 86' lang='lat' dir='ltr'>pssoeotes.</span> <span class='ocrx_word' id='word_1_387' title='bbox 463 2811 537 2880; x_wconf 74' lang='lat' dir='ltr'>Ergo</span> <span class='ocrx_word' id='word_1_388' title='bbox 545 2807 804 2882; x_wconf 75' lang='lat' dir='ltr'>Legemsiguiiiout</span> <span class='ocrx_word' id='word_1_389' title='bbox 813 2822 953 2864; x_wconf 84' lang='lat' dir='ltr'>numerus</span> <span class='ocrx_word' id='word_1_390' title='bbox 963 2806 1011 2864; x_wconf 82' lang='lat' dir='ltr'>ri-</span> 
     </span>
     <span class='ocr_line' id='line_1_30' title="bbox 157 2892 1009 2972; baseline 0.002 -21"><span class='ocrx_word' id='word_1_391' title='bbox 157 2892 288 2967; x_wconf 79' lang='lat' dir='ltr'>gosimue</span> <span class='ocrx_word' id='word_1_392' title='bbox 302 2896 424 2969; x_wconf 89' lang='lat' dir='ltr'>quintus</span> <span class='ocrx_word' id='word_1_393' title='bbox 441 2912 449 2954; x_wconf 78' lang='grc' dir='ltr'><strong>ι</strong></span> <span class='ocrx_word' id='word_1_394' title='bbox 469 2897 609 2971; x_wconf 87' lang='lat' dir='ltr'>quonium</span> <span class='ocrx_word' id='word_1_395' title='bbox 621 2898 752 2972; x_wconf 88' lang='lat' dir='ltr'>quinque</span> <span class='ocrx_word' id='word_1_396' title='bbox 764 2914 815 2971; x_wconf 87' lang='lat' dir='ltr'>per</span> <span class='ocrx_word' id='word_1_397' title='bbox 825 2897 967 2971; x_wconf 89' lang='lat' dir='ltr'>quinque,</span> <span class='ocrx_word' id='word_1_398' title='bbox 979 2896 1009 2953; x_wconf 86' lang='lat' dir='ltr'>id</span> 
     </span>
    </p>
   </div>
   <div class='ocr_carea' id='block_1_5' title="bbox 27 2984 1011 3069">
    <p class='ocr_par' dir='ltr' id='par_1_5' title="bbox 27 2984 1011 3069">
     <span class='ocr_line' id='line_1_31' title="bbox 27 2984 1011 3069; baseline 0.006 -29"><span class='ocrx_word' id='word_1_399' title='bbox 27 3060 33 3069; x_wconf 21' lang='grc' dir='ltr'>ἱ</span> <span class='ocrx_word' id='word_1_400' title='bbox 157 2988 213 3055; x_wconf 88' lang='lat' dir='ltr'>est,</span> <span class='ocrx_word' id='word_1_401' title='bbox 229 2984 385 3060; x_wconf 84' lang='lat' dir='ltr'>quinquies</span> <span class='ocrx_word' id='word_1_402' title='bbox 396 2986 491 3060; x_wconf 90' lang='lat' dir='ltr'>quini,</span> <span class='ocrx_word' id='word_1_403' title='bbox 503 2988 725 3063; x_wconf 73' lang='lat' dir='ltr'>isoiuntvigiuii</span> <span class='ocrx_word' id='word_1_404' title='bbox 735 2989 873 3062; x_wconf 89' lang='lat' dir='ltr'>quinque,</span> <span class='ocrx_word' id='word_1_405' title='bbox 883 2988 1011 3061; x_wconf 87' lang='lat' dir='ltr'>qusdrs-</span> 
     </span>
    </p>
   </div>
   <div class='ocr_carea' id='block_1_6' title="bbox 156 3076 1013 4059">
    <p class='ocr_par' dir='ltr' id='par_1_6' title="bbox 156 3076 1013 4059">
     <span class='ocr_line' id='line_1_32' title="bbox 157 3076 1010 3153; baseline 0.007 -22"><span class='ocrx_word' id='word_1_406' title='bbox 157 3079 220 3132; x_wconf 87' lang='lat' dir='ltr'>turn</span> <span class='ocrx_word' id='word_1_407' title='bbox 234 3076 412 3149; x_wconf 79' lang='lat' dir='ltr'>quinarium.</span> <span class='ocrx_word' id='word_1_408' title='bbox 424 3077 481 3136; x_wconf 81' lang='lat' dir='ltr'>seu</span> <span class='ocrx_word' id='word_1_409' title='bbox 495 3078 564 3135; x_wconf 90' lang='lat' dir='ltr'>buio</span> <span class='ocrx_word' id='word_1_410' title='bbox 574 3078 803 3153; x_wconf 73' lang='lat' dir='ltr'>Leglsntequum</span> <span class='ocrx_word' id='word_1_411' title='bbox 818 3078 1010 3153; x_wconf 72' lang='lat' dir='ltr'>brungeiium</span> 
     </span>
     <span class='ocr_line' id='line_1_33' title="bbox 157 3166 1010 3244; baseline 0.005 -19"><span class='ocrx_word' id='word_1_412' title='bbox 157 3166 279 3237; x_wconf 79' lang='lat' dir='ltr'>veniret,</span> <span class='ocrx_word' id='word_1_413' title='bbox 294 3169 392 3228; x_wconf 79' lang='lat' dir='ltr'>deeset</span> <span class='ocrx_word' id='word_1_414' title='bbox 405 3171 553 3244; x_wconf 88' lang='lat' dir='ltr'>perleotio.</span> <span class='ocrx_word' id='word_1_415' title='bbox 569 3171 711 3231; x_wconf 89' lang='lat' dir='ltr'>Perisotio</span> <span class='ocrx_word' id='word_1_416' title='bbox 727 3181 824 3230; x_wconf 88' lang='lat' dir='ltr'>eutem</span> <span class='ocrx_word' id='word_1_417' title='bbox 840 3171 871 3229; x_wconf 90' lang='lat' dir='ltr'>ln</span> <span class='ocrx_word' id='word_1_418' title='bbox 895 3173 1010 3231; x_wconf 84' lang='lat' dir='ltr'>seueris</span> 
     </span>
     <span class='ocr_line' id='line_1_34' title="bbox 156 3260 1011 3336; baseline 0.007 -21"><span class='ocrx_word' id='word_1_419' title='bbox 156 3272 280 3317; x_wconf 91' lang='lat' dir='ltr'>numero</span> <span class='ocrx_word' id='word_1_420' title='bbox 294 3260 561 3335; x_wconf 82' lang='lat' dir='ltr'>comprehenditur.</span> <span class='ocrx_word' id='word_1_421' title='bbox 577 3261 791 3336; x_wconf 81' lang='lat' dir='ltr'>Proptereseex</span> <span class='ocrx_word' id='word_1_422' title='bbox 806 3261 910 3321; x_wconf 87' lang='lat' dir='ltr'>diebus</span> <span class='ocrx_word' id='word_1_423' title='bbox 933 3262 1011 3321; x_wconf 81' lang='lat' dir='ltr'>Deus</span> 
     </span>
     <span class='ocr_line' id='line_1_35' title="bbox 158 3347 1012 3426; baseline 0.006 -23"><span class='ocrx_word' id='word_1_424' title='bbox 158 3347 304 3406; x_wconf 84' lang='lat' dir='ltr'>muudum</span> <span class='ocrx_word' id='word_1_425' title='bbox 319 3350 439 3422; x_wconf 83' lang='lat' dir='ltr'>perierit</span> <span class='ocrx_word' id='word_1_426' title='bbox 452 3349 532 3422; x_wconf 78' lang='lat' dir='ltr'>(Gerr.</span> <span class='ocrx_word' id='word_1_427' title='bbox 550 3352 581 3424; x_wconf 87' lang='lat'>1),</span> <span class='ocrx_word' id='word_1_428' title='bbox 605 3354 635 3409; x_wconf 90' lang='lat' dir='ltr'>et</span> <span class='ocrx_word' id='word_1_429' title='bbox 658 3352 789 3426; x_wconf 90' lang='lat' dir='ltr'>quinque</span> <span class='ocrx_word' id='word_1_430' title='bbox 809 3349 873 3425; x_wconf 87' lang='lat' dir='ltr'>ipss</span> <span class='ocrx_word' id='word_1_431' title='bbox 896 3366 947 3423; x_wconf 88' lang='lat' dir='ltr'>per</span> <span class='ocrx_word' id='word_1_432' title='bbox 961 3367 1012 3409; x_wconf 84' lang='lat' dir='ltr'>sex</span> 
     </span>
     <span class='ocr_line' id='line_1_36' title="bbox 157 3435 1012 3515; baseline 0.005 -21"><span class='ocrx_word' id='word_1_433' title='bbox 157 3435 401 3511; x_wconf 87' lang='lat' dir='ltr'>multipiioentur‚</span> <span class='ocrx_word' id='word_1_434' title='bbox 418 3443 450 3498; x_wconf 92' lang='lat' dir='ltr'>ut</span> <span class='ocrx_word' id='word_1_435' title='bbox 465 3440 520 3498; x_wconf 82' lang='lat' dir='ltr'>Lex</span> <span class='ocrx_word' id='word_1_436' title='bbox 535 3456 585 3515; x_wconf 89' lang='lat' dir='ltr'>por</span> <span class='ocrx_word' id='word_1_437' title='bbox 599 3440 789 3514; x_wconf 73' lang='lat' dir='ltr'>llrsngelium</span> <span class='ocrx_word' id='word_1_438' title='bbox 804 3440 1012 3514; x_wconf 84' lang='lat' dir='ltr'>sdlmpisutur,</span> 
     </span>
     <span class='ocr_line' id='line_1_37' title="bbox 158 3526 1013 3607; baseline 0.007 -23"><span class='ocrx_word' id='word_1_439' title='bbox 158 3530 192 3585; x_wconf 94' lang='lat' dir='ltr'>ut</span> <span class='ocrx_word' id='word_1_440' title='bbox 206 3526 383 3587; x_wconf 83' lang='lat' dir='ltr'>ilentssxiee</span> <span class='ocrx_word' id='word_1_441' title='bbox 394 3531 476 3602; x_wconf 89' lang='lat' dir='ltr'>quini</span> <span class='ocrx_word' id='word_1_442' title='bbox 485 3530 617 3606; x_wconf 79' lang='lat' dir='ltr'>trigints.</span> <span class='ocrx_word' id='word_1_443' title='bbox 629 3531 673 3589; x_wconf 76' lang='lat' dir='ltr'>Ad</span> <span class='ocrx_word' id='word_1_444' title='bbox 682 3546 732 3590; x_wconf 87' lang='lat' dir='ltr'>eos</span> <span class='ocrx_word' id='word_1_445' title='bbox 746 3546 816 3607; x_wconf 74' lang='lat' dir='ltr'>ergo</span> <span class='ocrx_word' id='word_1_446' title='bbox 827 3531 878 3606; x_wconf 89' lang='lat' dir='ltr'>qui</span> <span class='ocrx_word' id='word_1_447' title='bbox 889 3531 1013 3605; x_wconf 82' lang='lat' dir='ltr'>implent</span> 
     </span>
     <span class='ocr_line' id='line_1_38' title="bbox 156 3616 1012 3696; baseline 0.006 -20"><span class='ocrx_word' id='word_1_448' title='bbox 156 3616 272 3693; x_wconf 73' lang='lat' dir='ltr'>legem,</span> <span class='ocrx_word' id='word_1_449' title='bbox 286 3621 365 3679; x_wconf 81' lang='lat' dir='ltr'>veuit</span> <span class='ocrx_word' id='word_1_450' title='bbox 379 3621 475 3680; x_wconf 84' lang='lat' dir='ltr'>iesus.</span> <span class='ocrx_word' id='word_1_451' title='bbox 491 3622 527 3680; x_wconf 80' lang='lat' dir='ltr'>lit</span> <span class='ocrx_word' id='word_1_452' title='bbox 541 3623 630 3691; x_wconf 85' lang='lat' dir='ltr'>venii,</span> <span class='ocrx_word' id='word_1_453' title='bbox 642 3623 812 3696; x_wconf 76' lang='lat' dir='ltr'>quomodo?</span> <span class='ocrx_word' id='word_1_454' title='bbox 825 3623 947 3682; x_wconf 79' lang='lat' dir='ltr'>Gulosus</span> <span class='ocrx_word' id='word_1_455' title='bbox 957 3623 1012 3681; x_wconf 90' lang='lat' dir='ltr'>ltu·</span> 
     </span>
     <span class='ocr_line' id='line_1_39' title="bbox 159 3712 1012 3788; baseline 0.005 -21"><span class='ocrx_word' id='word_1_456' title='bbox 159 3713 225 3767; x_wconf 88' lang='lat' dir='ltr'>otus</span> <span class='ocrx_word' id='word_1_457' title='bbox 238 3725 247 3778; x_wconf 80' lang='lat'>3</span> <span class='ocrx_word' id='word_1_458' title='bbox 262 3726 365 3769; x_wconf 89' lang='lat' dir='ltr'>omues</span> <span class='ocrx_word' id='word_1_459' title='bbox 381 3715 512 3771; x_wconf 88' lang='lat' dir='ltr'>tumores</span> <span class='ocrx_word' id='word_1_460' title='bbox 534 3712 636 3770; x_wconf 92' lang='lat' dir='ltr'>muudi</span> <span class='ocrx_word' id='word_1_461' title='bbox 657 3712 715 3771; x_wconf 89' lang='lat' dir='ltr'>sub</span> <span class='ocrx_word' id='word_1_462' title='bbox 741 3712 865 3788; x_wconf 90' lang='lat' dir='ltr'>pedibus</span> <span class='ocrx_word' id='word_1_463' title='bbox 888 3713 1012 3783; x_wconf 86' lang='lat' dir='ltr'>bubens,</span> 
     </span>
     <span class='ocr_line' id='line_1_40' title="bbox 159 3800 1012 3877; baseline 0.006 -21"><span class='ocrx_word' id='word_1_464' title='bbox 159 3814 262 3857; x_wconf 89' lang='lat' dir='ltr'>omues</span> <span class='ocrx_word' id='word_1_465' title='bbox 276 3800 464 3859; x_wconf 83' lang='lat' dir='ltr'>eelsitudiues</span> <span class='ocrx_word' id='word_1_466' title='bbox 476 3801 575 3859; x_wconf 78' lang='lat' dir='ltr'>suouli</span> <span class='ocrx_word' id='word_1_467' title='bbox 586 3818 734 3876; x_wconf 85' lang='lat' dir='ltr'>premens.</span> <span class='ocrx_word' id='word_1_468' title='bbox 745 3802 805 3861; x_wconf 87' lang='lat' dir='ltr'>lieo</span> <span class='ocrx_word' id='word_1_469' title='bbox 815 3803 1012 3877; x_wconf 77' lang='lat' dir='ltr'>agiturquen·</span> 
     </span>
     <span class='ocr_line' id='line_1_41' title="bbox 160 3888 1012 3965; baseline 0.006 -21"><span class='ocrx_word' id='word_1_470' title='bbox 160 3892 223 3945; x_wconf 87' lang='lat' dir='ltr'>tum</span> <span class='ocrx_word' id='word_1_471' title='bbox 235 3888 353 3946; x_wconf 76' lang='lat' dir='ltr'>additur</span> <span class='ocrx_word' id='word_1_472' title='bbox 363 3890 496 3962; x_wconf 86' lang='lat' dir='ltr'>tempori,</span> <span class='ocrx_word' id='word_1_473' title='bbox 508 3895 538 3949; x_wconf 88' lang='lat' dir='ltr'>et</span> <span class='ocrx_word' id='word_1_474' title='bbox 546 3897 687 3965; x_wconf 85' lang='lat' dir='ltr'>quuutum</span> <span class='ocrx_word' id='word_1_475' title='bbox 698 3894 810 3952; x_wconf 86' lang='lat' dir='ltr'>uoosdit</span> <span class='ocrx_word' id='word_1_476' title='bbox 820 3897 892 3950; x_wconf 84' lang='lat' dir='ltr'>setus</span> <span class='ocrx_word' id='word_1_477' title='bbox 902 3892 1012 3951; x_wconf 83' lang='lat' dir='ltr'>eeouii.</span> 
     </span>
     <span class='ocr_line' id='line_1_42' title="bbox 160 3975 1012 4059; baseline 0.009 -25"><span class='ocrx_word' id='word_1_478' title='bbox 160 3975 527 4052; x_wconf 75' lang='lat' dir='ltr'>Augenturiuietumundu</span> <span class='ocrx_word' id='word_1_479' title='bbox 537 3982 752 4055; x_wconf 87' lang='lat' dir='ltr'>tribuisiioues‚</span> <span class='ocrx_word' id='word_1_480' title='bbox 766 3990 911 4059; x_wconf 73' lang='lat' dir='ltr'>ungentur</span> <span class='ocrx_word' id='word_1_481' title='bbox 925 3983 1012 4056; x_wconf 84' lang='lat' dir='ltr'>mels,</span> 
     </span>
    </p>
   </div>
   <div class='ocr_carea' id='block_1_7' title="bbox 1064 2806 1927 4057">
    <p class='ocr_par' dir='ltr' id='par_1_7' title="bbox 1064 2806 1924 3411">
     <span class='ocr_line' id='line_1_43' title="bbox 1066 2806 1922 2883; baseline -0.005 -18"><span class='ocrx_word' id='word_1_482' title='bbox 1066 2809 1188 2883; x_wconf 80' lang='lat' dir='ltr'>lugeret.</span> <span class='ocrx_word' id='word_1_483' title='bbox 1205 2809 1336 2867; x_wconf 88' lang='lat' dir='ltr'>Omnino</span> <span class='ocrx_word' id='word_1_484' title='bbox 1347 2808 1539 2866; x_wconf 88' lang='lat' dir='ltr'>ooniirmstet</span> <span class='ocrx_word' id='word_1_485' title='bbox 1553 2808 1682 2866; x_wconf 81' lang='lat' dir='ltr'>insinuet</span> <span class='ocrx_word' id='word_1_486' title='bbox 1698 2806 1783 2865; x_wconf 88' lang='lat' dir='ltr'>uobis</span> <span class='ocrx_word' id='word_1_487' title='bbox 1798 2806 1828 2864; x_wconf 93' lang='lat' dir='ltr'>iu</span> <span class='ocrx_word' id='word_1_488' title='bbox 1857 2820 1922 2878; x_wconf 82' lang='lat' dir='ltr'>my·</span> 
     </span>
     <span class='ocr_line' id='line_1_44' title="bbox 1065 2896 1924 2970; baseline -0.006 -13"><span class='ocrx_word' id='word_1_489' title='bbox 1065 2901 1154 2958; x_wconf 86' lang='lat' dir='ltr'>sterio</span> <span class='ocrx_word' id='word_1_490' title='bbox 1169 2900 1247 2957; x_wconf 82' lang='lat' dir='ltr'>diois</span> <span class='ocrx_word' id='word_1_491' title='bbox 1257 2914 1322 2957; x_wconf 86' lang='lat' dir='ltr'>osse</span> <span class='ocrx_word' id='word_1_492' title='bbox 1337 2899 1388 2957; x_wconf 89' lang='lat' dir='ltr'>ille</span> <span class='ocrx_word' id='word_1_493' title='bbox 1403 2897 1520 2968; x_wconf 82' lang='lat' dir='ltr'>omnls3</span> <span class='ocrx_word' id='word_1_494' title='bbox 1535 2901 1564 2955; x_wconf 93' lang='lat' dir='ltr'>st</span> <span class='ocrx_word' id='word_1_495' title='bbox 1575 2896 1689 2955; x_wconf 71' lang='lat' dir='ltr'>motsin</span> <span class='ocrx_word' id='word_1_496' title='bbox 1704 2910 1810 2970; x_wconf 72' lang='lat' dir='ltr'>meque</span> <span class='ocrx_word' id='word_1_497' title='bbox 1824 2911 1924 2953; x_wconf 75' lang='lat' dir='ltr'>nere·</span> 
     </span>
     <span class='ocr_line' id='line_1_45' title="bbox 1065 2984 1923 3064; baseline -0.006 -15"><span class='ocrx_word' id='word_1_498' title='bbox 1065 2996 1174 3063; x_wconf 88' lang='lat' dir='ltr'>mento,</span> <span class='ocrx_word' id='word_1_499' title='bbox 1191 2989 1343 3064; x_wconf 87' lang='lat' dir='ltr'>uteliquid</span> <span class='ocrx_word' id='word_1_500' title='bbox 1360 2989 1571 3064; x_wconf 80' lang='lat' dir='ltr'>signibosrent.</span> <span class='ocrx_word' id='word_1_501' title='bbox 1586 2988 1660 3047; x_wconf 80' lang='lat' dir='ltr'>iiooe</span> <span class='ocrx_word' id='word_1_502' title='bbox 1681 2992 1728 3046; x_wconf 91' lang='lat' dir='ltr'>est</span> <span class='ocrx_word' id='word_1_503' title='bbox 1747 2984 1796 3045; x_wconf 87' lang='lat' dir='ltr'>iile</span> <span class='ocrx_word' id='word_1_504' title='bbox 1810 2985 1860 3059; x_wconf 92' lang='lat' dir='ltr'>qui</span> <span class='ocrx_word' id='word_1_505' title='bbox 1891 2986 1923 3044; x_wconf 92' lang='lat' dir='ltr'>iu</span> 
     </span>
     <span class='ocr_line' id='line_1_46' title="bbox 1064 3076 1921 3157; baseline -0.006 -18"><span class='ocrx_word' id='word_1_506' title='bbox 1064 3087 1194 3141; x_wconf 89' lang='lat' dir='ltr'>montem</span> <span class='ocrx_word' id='word_1_507' title='bbox 1209 3083 1321 3157; x_wconf 77' lang='lat' dir='ltr'>lugeret</span> <span class='ocrx_word' id='word_1_508' title='bbox 1333 3082 1453 3140; x_wconf 82' lang='lat' dir='ltr'>turbes:</span> <span class='ocrx_word' id='word_1_509' title='bbox 1470 3096 1567 3139; x_wconf 90' lang='lat' dir='ltr'>noune</span> <span class='ocrx_word' id='word_1_510' title='bbox 1581 3095 1649 3138; x_wconf 90' lang='lat' dir='ltr'>sum</span> <span class='ocrx_word' id='word_1_511' title='bbox 1663 3079 1737 3154; x_wconf 89' lang='lat' dir='ltr'>ipsis</span> <span class='ocrx_word' id='word_1_512' title='bbox 1760 3076 1853 3136; x_wconf 90' lang='lat' dir='ltr'>turbis</span> <span class='ocrx_word' id='word_1_513' title='bbox 1876 3077 1921 3135; x_wconf 92' lang='lat' dir='ltr'>to·</span> 
     </span>
     <span class='ocr_line' id='line_1_47' title="bbox 1064 3167 1920 3246; baseline -0.006 -18"><span class='ocrx_word' id='word_1_514' title='bbox 1064 3173 1188 3246; x_wconf 77' lang='lat' dir='ltr'>quitur?</span> <span class='ocrx_word' id='word_1_515' title='bbox 1203 3172 1286 3230; x_wconf 85' lang='lat' dir='ltr'>blodo</span> <span class='ocrx_word' id='word_1_516' title='bbox 1301 3175 1430 3240; x_wconf 82' lang='lat' dir='ltr'>tenesut,</span> <span class='ocrx_word' id='word_1_517' title='bbox 1446 3171 1533 3228; x_wconf 88' lang='lat' dir='ltr'>modo</span> <span class='ocrx_word' id='word_1_518' title='bbox 1547 3185 1642 3241; x_wconf 74' lang='lat' dir='ltr'>repom</span> <span class='ocrx_word' id='word_1_519' title='bbox 1659 3167 1779 3228; x_wconf 88' lang='lat' dir='ltr'>isoisnt.</span> <span class='ocrx_word' id='word_1_520' title='bbox 1800 3170 1834 3225; x_wconf 74' lang='lat' dir='ltr'>bt</span> <span class='ocrx_word' id='word_1_521' title='bbox 1854 3182 1920 3224; x_wconf 85' lang='lat' dir='ltr'>essm</span> 
     </span>
     <span class='ocr_line' id='line_1_48' title="bbox 1065 3255 1923 3334; baseline -0.006 -14"><span class='ocrx_word' id='word_1_522' title='bbox 1065 3263 1233 3321; x_wconf 72' lang='lat' dir='ltr'>inuenissent</span> <span class='ocrx_word' id='word_1_523' title='bbox 1245 3278 1310 3321; x_wconf 81' lang='lat' dir='ltr'>eum</span> <span class='ocrx_word' id='word_1_524' title='bbox 1323 3272 1402 3320; x_wconf 74' lang='lat' dir='ltr'>trous</span> <span class='ocrx_word' id='word_1_525' title='bbox 1411 3276 1499 3334; x_wconf 83' lang='lat' dir='ltr'>risere,</span> <span class='ocrx_word' id='word_1_526' title='bbox 1508 3261 1642 3318; x_wconf 67' lang='lat' dir='ltr'>dixerunt</span> <span class='ocrx_word' id='word_1_527' title='bbox 1654 3255 1802 3327; x_wconf 76' lang='lat' dir='ltr'>eirdolrbi,</span> <span class='ocrx_word' id='word_1_528' title='bbox 1811 3256 1923 3331; x_wconf 74' lang='lat' dir='ltr'>quondo</span> 
     </span>
     <span class='ocr_line' id='line_1_49' title="bbox 1065 3351 1262 3411; baseline -0.01 -1"><span class='ocrx_word' id='word_1_529' title='bbox 1065 3353 1121 3410; x_wconf 75' lang='lat' dir='ltr'>bus</span> <span class='ocrx_word' id='word_1_530' title='bbox 1134 3351 1262 3411; x_wconf 74' lang='lat' dir='ltr'>uenisti?</span> 
     </span>
    </p>

    <p class='ocr_par' dir='ltr' id='par_1_8' title="bbox 1065 3441 1927 4057">
     <span class='ocr_line' id='line_1_50' title="bbox 1103 3441 1923 3517; baseline -0.002 -19"><span class='ocrx_word' id='word_1_531' title='bbox 1103 3443 1147 3500; x_wconf 86' lang='lat'>10.</span> <span class='ocrx_word' id='word_1_532' title='bbox 1163 3442 1215 3500; x_wconf 92' lang='lat' dir='ltr'>ille</span> <span class='ocrx_word' id='word_1_533' title='bbox 1229 3446 1296 3517; x_wconf 90' lang='lat' dir='ltr'>post</span> <span class='ocrx_word' id='word_1_534' title='bbox 1311 3442 1444 3501; x_wconf 86' lang='lat' dir='ltr'>mirsouii</span> <span class='ocrx_word' id='word_1_535' title='bbox 1459 3447 1686 3501; x_wconf 86' lang='lat' dir='ltr'>seorsmsntum.</span> <span class='ocrx_word' id='word_1_536' title='bbox 1700 3441 1729 3496; x_wconf 91' lang='lat' dir='ltr'>et</span> <span class='ocrx_word' id='word_1_537' title='bbox 1756 3452 1923 3497; x_wconf 62' lang='lat' dir='ltr'>”munem</span> 
     </span>
     <span class='ocr_line' id='line_1_51' title="bbox 1066 3528 1925 3605; baseline -0.007 -14"><span class='ocrx_word' id='word_1_538' title='bbox 1066 3534 1165 3602; x_wconf 85' lang='lat' dir='ltr'>lniori,</span> <span class='ocrx_word' id='word_1_539' title='bbox 1177 3538 1210 3589; x_wconf 94' lang='lat' dir='ltr'>ut</span> <span class='ocrx_word' id='word_1_540' title='bbox 1224 3532 1249 3590; x_wconf 90' lang='lat' dir='ltr'>si</span> <span class='ocrx_word' id='word_1_541' title='bbox 1265 3531 1327 3589; x_wconf 89' lang='lat' dir='ltr'>lieri</span> <span class='ocrx_word' id='word_1_542' title='bbox 1343 3534 1448 3604; x_wconf 86' lang='lat' dir='ltr'>potest,</span> <span class='ocrx_word' id='word_1_543' title='bbox 1459 3531 1510 3604; x_wconf 89' lang='lat' dir='ltr'>qui</span> <span class='ocrx_word' id='word_1_544' title='bbox 1525 3528 1602 3605; x_wconf 86' lang='lat' dir='ltr'>pesti</span> <span class='ocrx_word' id='word_1_545' title='bbox 1612 3534 1693 3600; x_wconf 84' lang='lat' dir='ltr'>sunt,</span> <span class='ocrx_word' id='word_1_546' title='bbox 1706 3531 1879 3602; x_wconf 78' lang='lat' dir='ltr'>pmosutur,</span> <span class='ocrx_word' id='word_1_547' title='bbox 1895 3532 1925 3585; x_wconf 88' lang='lat' dir='ltr'>st</span> 
     </span>
     <span class='ocr_line' id='line_1_52' title="bbox 1066 3617 1927 3699; baseline -0.008 -18"><span class='ocrx_word' id='word_1_548' title='bbox 1066 3639 1192 3699; x_wconf 92' lang='lat' dir='ltr'>quorum</span> <span class='ocrx_word' id='word_1_549' title='bbox 1207 3619 1682 3696; x_wconf 82' lang='lat' dir='ltr'>sstiuvitpsnibusuentres‚estist</span> <span class='ocrx_word' id='word_1_550' title='bbox 1694 3624 1725 3676; x_wconf 88' lang='lat' dir='ltr'>et</span> <span class='ocrx_word' id='word_1_551' title='bbox 1736 3617 1927 3677; x_wconf 84' lang='lat' dir='ltr'>sermonibus</span> 
     </span>
     <span class='ocr_line' id='line_1_53' title="bbox 1068 3711 1927 3786; baseline -0.01 -11"><span class='ocrx_word' id='word_1_552' title='bbox 1068 3719 1201 3786; x_wconf 64' lang='lat' dir='ltr'>mentm</span> <span class='ocrx_word' id='word_1_553' title='bbox 1217 3714 1269 3773; x_wconf 88' lang='lat' dir='ltr'>sed</span> <span class='ocrx_word' id='word_1_554' title='bbox 1285 3713 1311 3770; x_wconf 87' lang='lat' dir='ltr'>si</span> <span class='ocrx_word' id='word_1_555' title='bbox 1326 3713 1457 3786; x_wconf 87' lang='lat' dir='ltr'>sepiunt.</span> <span class='ocrx_word' id='word_1_556' title='bbox 1473 3711 1621 3770; x_wconf 72' lang='lat' dir='ltr'>Eirinon</span> <span class='ocrx_word' id='word_1_557' title='bbox 1637 3711 1769 3783; x_wconf 84' lang='lat' dir='ltr'>eupiunt,</span> <span class='ocrx_word' id='word_1_558' title='bbox 1786 3718 1927 3769; x_wconf 76' lang='lat' dir='ltr'>sumetur</span> 
     </span>
     <span class='ocr_line' id='line_1_54' title="bbox 1065 3798 1927 3881; baseline -0.01 -17"><span class='ocrx_word' id='word_1_559' title='bbox 1065 3807 1144 3881; x_wconf 92' lang='lat' dir='ltr'>quod</span> <span class='ocrx_word' id='word_1_560' title='bbox 1160 3822 1219 3863; x_wconf 88' lang='lat' dir='ltr'>nou</span> <span class='ocrx_word' id='word_1_561' title='bbox 1230 3804 1350 3878; x_wconf 77' lang='lat' dir='ltr'>eupiunt</span> <span class='ocrx_word' id='word_1_562' title='bbox 1363 3802 1387 3873; x_wconf 84' lang='lat'>¹,</span> <span class='ocrx_word' id='word_1_563' title='bbox 1404 3819 1440 3860; x_wconf 92' lang='lat' dir='ltr'>ue</span> <span class='ocrx_word' id='word_1_564' title='bbox 1454 3802 1617 3873; x_wconf 75' lang='lat' dir='ltr'>lrsgmeuts</span> <span class='ocrx_word' id='word_1_565' title='bbox 1628 3806 1759 3876; x_wconf 81' lang='lat' dir='ltr'>pereunt.</span> <span class='ocrx_word' id='word_1_566' title='bbox 1773 3798 1927 3874; x_wconf 82' lang='lat' dir='ltr'>Loquetur</span> 
     </span>
     <span class='ocr_line' id='line_1_55' title="bbox 1066 3890 1926 3973; baseline -0.012 -17"><span class='ocrx_word' id='word_1_567' title='bbox 1066 3912 1146 3973; x_wconf 76' lang='lat' dir='ltr'>ergo,</span> <span class='ocrx_word' id='word_1_568' title='bbox 1164 3899 1193 3955; x_wconf 89' lang='lat' dir='ltr'>et</span> <span class='ocrx_word' id='word_1_569' title='bbox 1207 3895 1372 3954; x_wconf 87' lang='lat' dir='ltr'>sudlsmus.</span> <span class='ocrx_word' id='word_1_570' title='bbox 1390 3893 1678 3966; x_wconf 69' lang='lat' dir='ltr'>inperitissimos</span> <span class='ocrx_word' id='word_1_571' title='bbox 1704 3891 1801 3948; x_wconf 73' lang='lat' dir='ltr'>diets.-</span> <span class='ocrx_word' id='word_1_572' title='bbox 1824 3890 1926 3956; x_wconf 77' lang='lat' dir='ltr'>dm.</span> 
     </span>
     <span class='ocr_line' id='line_1_56' title="bbox 1067 3978 1927 4057; baseline -0.012 -12"><span class='ocrx_word' id='word_1_573' title='bbox 1067 4000 1153 4045; x_wconf 77' lang='lat' dir='ltr'>sesso</span> <span class='ocrx_word' id='word_1_574' title='bbox 1166 3986 1226 4044; x_wconf 84' lang='lat' dir='ltr'>dieo</span> <span class='ocrx_word' id='word_1_575' title='bbox 1240 3985 1326 4056; x_wconf 86' lang='lat' dir='ltr'>uobis,</span> <span class='ocrx_word' id='word_1_576' title='bbox 1341 3983 1470 4057; x_wconf 62' lang='lat' dir='ltr'>queritis</span> <span class='ocrx_word' id='word_1_577' title='bbox 1484 3997 1538 4052; x_wconf 82' lang='lat' dir='ltr'>nse,</span> <span class='ocrx_word' id='word_1_578' title='bbox 1552 3997 1608 4040; x_wconf 80' lang='lat' dir='ltr'>nors</span> <span class='ocrx_word' id='word_1_579' title='bbox 1628 3982 1694 4056; x_wconf 82' lang='lat' dir='ltr'>quio</span> <span class='ocrx_word' id='word_1_580' title='bbox 1705 3978 1820 4037; x_wconf 78' lang='lat' dir='ltr'>vidistis</span> <span class='ocrx_word' id='word_1_581' title='bbox 1831 3979 1927 4052; x_wconf 66' lang='lat' dir='ltr'>spuo,</span> 
     </span>
    </p>
   </div>
   <div class='ocr_carea' id='block_1_8' title="bbox 159 4070 1934 5769">
    <p class='ocr_par' dir='ltr' id='par_1_9' title="bbox 159 4070 1934 5769">
     <span class='ocr_line' id='line_1_57' title="bbox 160 4070 1926 4151; baseline 0.001 -26"><span class='ocrx_word' id='word_1_582' title='bbox 160 4074 305 4141; x_wconf 74' lang='lat' dir='ltr'>ungentur</span> <span class='ocrx_word' id='word_1_583' title='bbox 315 4071 515 4143; x_wconf 84' lang='lat' dir='ltr'>oontritiouss.</span> <span class='ocrx_word' id='word_1_584' title='bbox 530 4080 743 4148; x_wconf 74' lang='lat' dir='ltr'>exsqpsrsuiur</span> <span class='ocrx_word' id='word_1_585' title='bbox 755 4076 817 4134; x_wconf 82' lang='lat' dir='ltr'>beo</span> <span class='ocrx_word' id='word_1_586' title='bbox 834 4078 953 4136; x_wconf 81' lang='lat' dir='ltr'>omnis:</span> <span class='ocrx_word' id='word_1_587' title='bbox 967 4077 1014 4137; x_wconf 82' lang='lat' dir='ltr'>is·</span> <span class='ocrx_word' id='word_1_588' title='bbox 1066 4077 1114 4136; x_wconf 87' lang='lat' dir='ltr'>ssd</span> <span class='ocrx_word' id='word_1_589' title='bbox 1127 4076 1196 4151; x_wconf 85' lang='lat' dir='ltr'>qss&#39;s</span> <span class='ocrx_word' id='word_1_590' title='bbox 1204 4075 1438 4133; x_wconf 76' lang='lat' dir='ltr'>susdseostissr</span> <span class='ocrx_word' id='word_1_591' title='bbox 1449 4072 1569 4146; x_wconf 81' lang='lat' dir='ltr'>poribus</span> <span class='ocrx_word' id='word_1_592' title='bbox 1578 4071 1657 4130; x_wconf 75' lang='lat' dir='ltr'>meis.</span> <span class='ocrx_word' id='word_1_593' title='bbox 1670 4070 1792 4144; x_wconf 81' lang='lat' dir='ltr'>Propter</span> <span class='ocrx_word' id='word_1_594' title='bbox 1804 4082 1926 4128; x_wconf 83' lang='lat' dir='ltr'>osrusm</span> 
     </span>
     <span class='ocr_line' id='line_1_58' title="bbox 160 4158 1923 4246; baseline -0.001 -29"><span class='ocrx_word' id='word_1_595' title='bbox 160 4172 214 4217; x_wconf 88' lang='lat' dir='ltr'>sus</span> <span class='ocrx_word' id='word_1_596' title='bbox 228 4159 344 4231; x_wconf 86' lang='lat' dir='ltr'>irsusit,</span> <span class='ocrx_word' id='word_1_597' title='bbox 359 4159 475 4246; x_wconf 77' lang='lat' dir='ltr'>otiosus</span> <span class='ocrx_word' id='word_1_598' title='bbox 489 4161 608 4223; x_wconf 88' lang='lat' dir='ltr'>liuotus.</span> <span class='ocrx_word' id='word_1_599' title='bbox 1066 4182 1115 4225; x_wconf 85' lang='lat' dir='ltr'>me</span> <span class='ocrx_word' id='word_1_600' title='bbox 1128 4166 1269 4242; x_wconf 84' lang='lat' dir='ltr'>queritis,</span> <span class='ocrx_word' id='word_1_601' title='bbox 1286 4179 1344 4223; x_wconf 92' lang='lat' dir='ltr'>non</span> <span class='ocrx_word' id='word_1_602' title='bbox 1359 4166 1477 4238; x_wconf 87' lang='lat' dir='ltr'>propter</span> <span class='ocrx_word' id='word_1_603' title='bbox 1490 4162 1635 4237; x_wconf 86' lang='lat' dir='ltr'>spiritum.</span> <span class='ocrx_word' id='word_1_604' title='bbox 1652 4161 1744 4229; x_wconf 79' lang='lat' dir='ltr'>Quem</span> <span class='ocrx_word' id='word_1_605' title='bbox 1759 4158 1846 4217; x_wconf 90' lang='lat' dir='ltr'>multi</span> <span class='ocrx_word' id='word_1_606' title='bbox 1862 4174 1923 4217; x_wconf 91' lang='lat' dir='ltr'>non</span> 
     </span>
     <span class='ocr_line' id='line_1_59' title="bbox 195 4247 1924 4332; baseline 0.001 -28"><span class='ocrx_word' id='word_1_607' title='bbox 195 4248 222 4305; x_wconf 87' lang='grc'>7.</span> <span class='ocrx_word' id='word_1_608' title='bbox 240 4248 276 4306; x_wconf 84' lang='lat' dir='ltr'>iit</span> <span class='ocrx_word' id='word_1_609' title='bbox 290 4254 388 4308; x_wconf 82' lang='lat' dir='ltr'>tumen</span> <span class='ocrx_word' id='word_1_610' title='bbox 403 4256 489 4309; x_wconf 83' lang='lat' dir='ltr'>toute</span> <span class='ocrx_word' id='word_1_611' title='bbox 504 4261 573 4310; x_wconf 88' lang='lat' dir='ltr'>eunt</span> <span class='ocrx_word' id='word_1_612' title='bbox 583 4253 798 4325; x_wconf 73' lang='lat' dir='ltr'>tribulationes,</span> <span class='ocrx_word' id='word_1_613' title='bbox 813 4259 844 4312; x_wconf 89' lang='lat' dir='ltr'>nt</span> <span class='ocrx_word' id='word_1_614' title='bbox 858 4257 945 4314; x_wconf 89' lang='lat' dir='ltr'>etism</span> <span class='ocrx_word' id='word_1_615' title='bbox 956 4256 1014 4330; x_wconf 87' lang='lat' dir='ltr'>ipsi</span> <span class='ocrx_word' id='word_1_616' title='bbox 1066 4261 1201 4332; x_wconf 74' lang='lat' dir='ltr'>querunt</span> <span class='ocrx_word' id='word_1_617' title='bbox 1215 4257 1329 4325; x_wconf 79' lang='lat' dir='ltr'>iseum,</span> <span class='ocrx_word' id='word_1_618' title='bbox 1349 4254 1404 4312; x_wconf 92' lang='lat' dir='ltr'>uisi</span> <span class='ocrx_word' id='word_1_619' title='bbox 1420 4256 1454 4310; x_wconf 89' lang='lat' dir='ltr'>ut</span> <span class='ocrx_word' id='word_1_620' title='bbox 1467 4251 1527 4311; x_wconf 88' lang='lat' dir='ltr'>iilis</span> <span class='ocrx_word' id='word_1_621' title='bbox 1550 4251 1636 4310; x_wconf 90' lang='lat' dir='ltr'>iseist</span> <span class='ocrx_word' id='word_1_622' title='bbox 1659 4251 1732 4308; x_wconf 88' lang='lat' dir='ltr'>boue</span> <span class='ocrx_word' id='word_1_623' title='bbox 1757 4247 1924 4307; x_wconf 65' lang='lat' dir='ltr'>”eundum</span> 
     </span>
     <span class='ocr_line' id='line_1_60' title="bbox 161 4338 1926 4423; baseline 0 -26"><span class='ocrx_word' id='word_1_624' title='bbox 161 4338 211 4414; x_wconf 91' lang='lat' dir='ltr'>qui</span> <span class='ocrx_word' id='word_1_625' title='bbox 227 4339 451 4399; x_wconf 86' lang='lat' dir='ltr'>credideruntiu</span> <span class='ocrx_word' id='word_1_626' title='bbox 465 4342 579 4412; x_wconf 73' lang='lat' dir='ltr'>imum,</span> <span class='ocrx_word' id='word_1_627' title='bbox 594 4345 690 4418; x_wconf 90' lang='lat' dir='ltr'>etqui</span> <span class='ocrx_word' id='word_1_628' title='bbox 713 4350 856 4404; x_wconf 83' lang='lat' dir='ltr'>oousniur</span> <span class='ocrx_word' id='word_1_629' title='bbox 874 4362 1014 4420; x_wconf 69' lang='lat' dir='ltr'>pensve·</span> <span class='ocrx_word' id='word_1_630' title='bbox 1066 4347 1199 4423; x_wconf 86' lang='lat' dir='ltr'>tempuei</span> <span class='ocrx_word' id='word_1_631' title='bbox 1216 4343 1561 4420; x_wconf 75' lang='lat' dir='ltr'>Aiiusueqotinmbsbet,</span> <span class='ocrx_word' id='word_1_632' title='bbox 1572 4339 1926 4416; x_wconf 80' lang='lat' dir='ltr'>queritintsroessiuuem</span> 
     </span>
     <span class='ocr_line' id='line_1_61' title="bbox 160 4430 1926 4512; baseline -0.001 -22"><span class='ocrx_word' id='word_1_633' title='bbox 160 4446 225 4491; x_wconf 89' lang='lat' dir='ltr'>rure</span> <span class='ocrx_word' id='word_1_634' title='bbox 240 4447 334 4506; x_wconf 89' lang='lat' dir='ltr'>usque</span> <span class='ocrx_word' id='word_1_635' title='bbox 349 4432 379 4490; x_wconf 93' lang='lat' dir='ltr'>in</span> <span class='ocrx_word' id='word_1_636' title='bbox 394 4432 495 4502; x_wconf 84' lang='lat' dir='ltr'>linem,</span> <span class='ocrx_word' id='word_1_637' title='bbox 509 4439 701 4507; x_wconf 82' lang='lat' dir='ltr'>expsvesosut</span> <span class='ocrx_word' id='word_1_638' title='bbox 712 4449 748 4493; x_wconf 93' lang='lat' dir='ltr'>ns</span> <span class='ocrx_word' id='word_1_639' title='bbox 763 4434 915 4494; x_wconf 86' lang='lat' dir='ltr'>delioiunt:</span> <span class='ocrx_word' id='word_1_640' title='bbox 931 4435 1013 4495; x_wconf 80' lang='lat' dir='ltr'>Gbri·</span> <span class='ocrx_word' id='word_1_641' title='bbox 1066 4440 1240 4501; x_wconf 89' lang='lat' dir='ltr'>oieriuorum</span> <span class='ocrx_word' id='word_1_642' title='bbox 1253 4456 1260 4510; x_wconf 72' lang='lat'>3</span> <span class='ocrx_word' id='word_1_643' title='bbox 1271 4436 1346 4496; x_wconf 91' lang='lat' dir='ltr'>slins</span> <span class='ocrx_word' id='word_1_644' title='bbox 1361 4435 1531 4512; x_wconf 86' lang='lat' dir='ltr'>premiturs</span> <span class='ocrx_word' id='word_1_645' title='bbox 1545 4432 1717 4509; x_wconf 84' lang='lat' dir='ltr'>potentiore,</span> <span class='ocrx_word' id='word_1_646' title='bbox 1730 4430 1852 4506; x_wconf 75' lang='lat' dir='ltr'>lugitsd</span> <span class='ocrx_word' id='word_1_647' title='bbox 1876 4444 1926 4489; x_wconf 84' lang='lat' dir='ltr'>eo·</span> 
     </span>
     <span class='ocr_line' id='line_1_62' title="bbox 160 4522 1924 4603; baseline -0.002 -22"><span class='ocrx_word' id='word_1_648' title='bbox 160 4525 205 4581; x_wconf 90' lang='lat' dir='ltr'>sto</span> <span class='ocrx_word' id='word_1_649' title='bbox 220 4522 328 4581; x_wconf 87' lang='lat' dir='ltr'>liuotus</span> <span class='ocrx_word' id='word_1_650' title='bbox 343 4523 486 4596; x_wconf 84' lang='lat' dir='ltr'>suissuis,</span> <span class='ocrx_word' id='word_1_651' title='bbox 503 4523 601 4584; x_wconf 80' lang='lat' dir='ltr'>seeuii</span> <span class='ocrx_word' id='word_1_652' title='bbox 617 4525 792 4586; x_wconf 75' lang='lat' dir='ltr'>ambitiones</span> <span class='ocrx_word' id='word_1_653' title='bbox 802 4531 831 4586; x_wconf 87' lang='lat' dir='ltr'>et</span> <span class='ocrx_word' id='word_1_654' title='bbox 845 4527 1014 4586; x_wconf 88' lang='lat' dir='ltr'>sititudlues</span> <span class='ocrx_word' id='word_1_655' title='bbox 1067 4530 1185 4590; x_wconf 85' lang='lat' dir='ltr'>etesium</span> <span class='ocrx_word' id='word_1_656' title='bbox 1199 4546 1207 4598; x_wconf 68' lang='grc' dir='ltr'><strong>ς</strong></span> <span class='ocrx_word' id='word_1_657' title='bbox 1223 4529 1298 4588; x_wconf 86' lang='lat' dir='ltr'>eiius</span> <span class='ocrx_word' id='word_1_658' title='bbox 1312 4543 1365 4603; x_wconf 88' lang='lat' dir='ltr'>pro</span> <span class='ocrx_word' id='word_1_659' title='bbox 1379 4524 1479 4586; x_wconf 83' lang='lat' dir='ltr'>seruit</span> <span class='ocrx_word' id='word_1_660' title='bbox 1492 4523 1662 4583; x_wconf 75' lang='lat' dir='ltr'>interveniri</span> <span class='ocrx_word' id='word_1_661' title='bbox 1673 4522 1751 4596; x_wconf 88' lang='lat' dir='ltr'>spud</span> <span class='ocrx_word' id='word_1_662' title='bbox 1766 4536 1834 4579; x_wconf 91' lang='lat' dir='ltr'>eum</span> <span class='ocrx_word' id='word_1_663' title='bbox 1845 4522 1924 4594; x_wconf 81' lang='lat' dir='ltr'>spud</span> 
     </span>
     <span class='ocr_line' id='line_1_63' title="bbox 159 4612 1927 4696; baseline 0.001 -26"><span class='ocrx_word' id='word_1_664' title='bbox 159 4612 348 4687; x_wconf 88' lang='lat' dir='ltr'>deprimente,</span> <span class='ocrx_word' id='word_1_665' title='bbox 364 4617 527 4688; x_wconf 76' lang='lat' dir='ltr'>exputesuit</span> <span class='ocrx_word' id='word_1_666' title='bbox 546 4615 739 4676; x_wconf 76' lang='lat' dir='ltr'>christianus.</span> <span class='ocrx_word' id='word_1_667' title='bbox 763 4617 866 4677; x_wconf 89' lang='lat' dir='ltr'>liouno</span> <span class='ocrx_word' id='word_1_668' title='bbox 888 4620 949 4677; x_wconf 79' lang='lat' dir='ltr'>buo</span> <span class='ocrx_word' id='word_1_669' title='bbox 971 4618 1016 4676; x_wconf 92' lang='lat' dir='ltr'>iili</span> <span class='ocrx_word' id='word_1_670' title='bbox 1068 4636 1155 4696; x_wconf 87' lang='lat' dir='ltr'>quem</span> <span class='ocrx_word' id='word_1_671' title='bbox 1172 4636 1275 4694; x_wconf 82' lang='lat' dir='ltr'>pssum</span> <span class='ocrx_word' id='word_1_672' title='bbox 1290 4619 1385 4678; x_wconf 79' lang='lat' dir='ltr'>vulsit</span> <span class='ocrx_word' id='word_1_673' title='bbox 1402 4617 1451 4676; x_wconf 93' lang='lat' dir='ltr'>ills</span> <span class='ocrx_word' id='word_1_674' title='bbox 1465 4616 1519 4684; x_wconf 87' lang='lat' dir='ltr'>sio,</span> <span class='ocrx_word' id='word_1_675' title='bbox 1543 4615 1593 4674; x_wconf 92' lang='lat' dir='ltr'>ille</span> <span class='ocrx_word' id='word_1_676' title='bbox 1611 4615 1671 4683; x_wconf 83' lang='lat' dir='ltr'>sio;</span> <span class='ocrx_word' id='word_1_677' title='bbox 1691 4612 1830 4689; x_wconf 87' lang='lat' dir='ltr'>impietur</span> <span class='ocrx_word' id='word_1_678' title='bbox 1852 4624 1927 4688; x_wconf 88' lang='lat' dir='ltr'>quo·</span> 
     </span>
     <span class='ocr_line' id='line_1_64' title="bbox 159 4700 1926 4781; baseline 0.001 -23"><span class='ocrx_word' id='word_1_679' title='bbox 159 4703 298 4775; x_wconf 80' lang='lat' dir='ltr'>predists</span> <span class='ocrx_word' id='word_1_680' title='bbox 310 4700 512 4778; x_wconf 74' lang='lat' dir='ltr'>suutiiileritu</span> <span class='ocrx_word' id='word_1_681' title='bbox 525 4713 551 4765; x_wconf 86' lang='lat' dir='ltr'>ei</span> <span class='ocrx_word' id='word_1_682' title='bbox 564 4706 634 4766; x_wconf 79' lang='lat' dir='ltr'>iesu</span> <span class='ocrx_word' id='word_1_683' title='bbox 646 4707 676 4764; x_wconf 91' lang='lat' dir='ltr'>iu</span> <span class='ocrx_word' id='word_1_684' title='bbox 687 4706 1014 4781; x_wconf 84' lang='lat' dir='ltr'>ltuotlbussmbuisuts‚</span> <span class='ocrx_word' id='word_1_685' title='bbox 1067 4710 1137 4769; x_wconf 88' lang='lat' dir='ltr'>tidie</span> <span class='ocrx_word' id='word_1_686' title='bbox 1151 4710 1261 4769; x_wconf 84' lang='lat' dir='ltr'>tsitbus</span> <span class='ocrx_word' id='word_1_687' title='bbox 1275 4709 1406 4768; x_wconf 86' lang='lat' dir='ltr'>seolesiu.</span> <span class='ocrx_word' id='word_1_688' title='bbox 1423 4707 1477 4765; x_wconf 79' lang='lat' dir='ltr'>vix</span> <span class='ocrx_word' id='word_1_689' title='bbox 1493 4705 1632 4781; x_wconf 81' lang='lat' dir='ltr'>queritur</span> <span class='ocrx_word' id='word_1_690' title='bbox 1644 4704 1731 4761; x_wconf 82' lang='lat' dir='ltr'>iesus</span> <span class='ocrx_word' id='word_1_691' title='bbox 1745 4706 1870 4778; x_wconf 87' lang='lat' dir='ltr'>propter</span> <span class='ocrx_word' id='word_1_692' title='bbox 1884 4702 1926 4759; x_wconf 87' lang='lat' dir='ltr'>is-</span> 
     </span>
     <span class='ocr_line' id='line_1_65' title="bbox 161 4788 1925 4872; baseline 0.002 -28"><span class='ocrx_word' id='word_1_693' title='bbox 161 4788 343 4848; x_wconf 80' lang='lat' dir='ltr'>timuerent:</span> <span class='ocrx_word' id='word_1_694' title='bbox 364 4790 511 4863; x_wconf 66' lang='lat' dir='ltr'>quemme</span> <span class='ocrx_word' id='word_1_695' title='bbox 527 4790 687 4852; x_wconf 77' lang='lat' dir='ltr'>cbristisui</span> <span class='ocrx_word' id='word_1_696' title='bbox 714 4795 850 4868; x_wconf 82' lang='lat' dir='ltr'>quemvis</span> <span class='ocrx_word' id='word_1_697' title='bbox 873 4797 1015 4856; x_wconf 87' lang='lat' dir='ltr'>bsbentss</span> <span class='ocrx_word' id='word_1_698' title='bbox 1066 4818 1145 4860; x_wconf 89' lang='lat' dir='ltr'>sum.</span> <span class='ocrx_word' id='word_1_699' title='bbox 1161 4802 1294 4872; x_wconf 77' lang='lat' dir='ltr'>Quaeritis</span> <span class='ocrx_word' id='word_1_700' title='bbox 1307 4816 1362 4871; x_wconf 84' lang='lat' dir='ltr'>isse,</span> <span class='ocrx_word' id='word_1_701' title='bbox 1386 4814 1443 4857; x_wconf 82' lang='lat' dir='ltr'>uon</span> <span class='ocrx_word' id='word_1_702' title='bbox 1459 4796 1527 4872; x_wconf 74' lang='lat' dir='ltr'>quio</span> <span class='ocrx_word' id='word_1_703' title='bbox 1549 4792 1658 4853; x_wconf 85' lang='lat' dir='ltr'>vidistis</span> <span class='ocrx_word' id='word_1_704' title='bbox 1682 4794 1764 4866; x_wconf 84' lang='lat' dir='ltr'>siquo</span> <span class='ocrx_word' id='word_1_705' title='bbox 1785 4789 1833 4849; x_wconf 86' lang='lat' dir='ltr'>sed</span> <span class='ocrx_word' id='word_1_706' title='bbox 1855 4791 1925 4866; x_wconf 79' lang='lat' dir='ltr'>peis</span> 
     </span>
     <span class='ocr_line' id='line_1_66' title="bbox 163 4877 1928 4965; baseline 0.01 -28"><span class='ocrx_word' id='word_1_707' title='bbox 163 4892 247 4954; x_wconf 85' lang='lat' dir='ltr'>spem</span> <span class='ocrx_word' id='word_1_708' title='bbox 262 4877 405 4937; x_wconf 90' lang='lat' dir='ltr'>iuiuturo</span> <span class='ocrx_word' id='word_1_709' title='bbox 419 4880 534 4950; x_wconf 80' lang='lat' dir='ltr'>seoulo,</span> <span class='ocrx_word' id='word_1_710' title='bbox 550 4880 668 4956; x_wconf 79' lang='lat' dir='ltr'>quondo</span> <span class='ocrx_word' id='word_1_711' title='bbox 681 4884 804 4943; x_wconf 80' lang='lat' dir='ltr'>viderint</span> <span class='ocrx_word' id='word_1_712' title='bbox 818 4885 942 4958; x_wconf 89' lang='lat' dir='ltr'>deprimi</span> <span class='ocrx_word' id='word_1_713' title='bbox 952 4887 1016 4945; x_wconf 84' lang='lat' dir='ltr'>ulti·</span> <span class='ocrx_word' id='word_1_714' title='bbox 1066 4890 1419 4965; x_wconf 76' lang='lat' dir='ltr'>modomstiseepouibus</span> <span class='ocrx_word' id='word_1_715' title='bbox 1428 4883 1682 4960; x_wconf 71' lang='lat' dir='ltr'>insieiipmmt&#39;st&#39;</span> <span class='ocrx_word' id='word_1_716' title='bbox 1696 4880 1854 4941; x_wconf 55' lang='lat' dir='ltr'>mrim</span> <span class='ocrx_word' id='word_1_717' title='bbox 1878 4884 1928 4955; x_wconf 66' lang='grc'>1111</span> 
     </span>
     <span class='ocr_line' id='line_1_67' title="bbox 162 4968 1928 5056; baseline 0 -28"><span class='ocrx_word' id='word_1_718' title='bbox 162 4969 296 5028; x_wconf 82' lang='lat' dir='ltr'>tudinem</span> <span class='ocrx_word' id='word_1_719' title='bbox 311 4968 409 5026; x_wconf 70' lang='lat' dir='ltr'>wenti</span> <span class='ocrx_word' id='word_1_720' title='bbox 425 4970 526 5042; x_wconf 75' lang='lat' dir='ltr'>buius,</span> <span class='ocrx_word' id='word_1_721' title='bbox 550 4970 722 5046; x_wconf 89' lang='lat' dir='ltr'>pierumque</span> <span class='ocrx_word' id='word_1_722' title='bbox 744 4974 956 5033; x_wconf 84' lang='lat' dir='ltr'>oonturbsntur</span> <span class='ocrx_word' id='word_1_723' title='bbox 978 4977 1015 5036; x_wconf 91' lang='lat' dir='ltr'>de</span> <span class='ocrx_word' id='word_1_724' title='bbox 1067 4985 1149 5056; x_wconf 76' lang='lat' dir='ltr'>perii,</span> <span class='ocrx_word' id='word_1_725' title='bbox 1164 4981 1211 5039; x_wconf 83' lang='lat' dir='ltr'>sed</span> <span class='ocrx_word' id='word_1_726' title='bbox 1224 4981 1273 5056; x_wconf 84' lang='lat' dir='ltr'>qui</span> <span class='ocrx_word' id='word_1_727' title='bbox 1286 4983 1428 5054; x_wconf 70' lang='lat' dir='ltr'>premet</span> <span class='ocrx_word' id='word_1_728' title='bbox 1442 4970 1867 5038; x_wconf 60' lang='lat' dir='ltr'>sustenementum·</span> <span class='ocrx_word' id='word_1_729' title='bbox 1879 4984 1928 5028; x_wconf 88' lang='lat' dir='ltr'>use</span> 
     </span>
     <span class='ocr_line' id='line_1_68' title="bbox 161 5060 1928 5145; baseline 0 -23"><span class='ocrx_word' id='word_1_730' title='bbox 161 5060 444 5122; x_wconf 76' lang='lat' dir='ltr'>oontdtiunererum</span> <span class='ocrx_word' id='word_1_731' title='bbox 454 5060 1013 5140; x_wconf 73' lang='lat' dir='ltr'>humansrum‚Aperiuutiirsugeiium</span> <span class='ocrx_word' id='word_1_732' title='bbox 1069 5076 1188 5145; x_wconf 83' lang='lat' dir='ltr'>propter</span> <span class='ocrx_word' id='word_1_733' title='bbox 1201 5070 1294 5138; x_wconf 88' lang='lat' dir='ltr'>eliud,</span> <span class='ocrx_word' id='word_1_734' title='bbox 1305 5070 1424 5143; x_wconf 76' lang='lat' dir='ltr'>querite</span> <span class='ocrx_word' id='word_1_735' title='bbox 1440 5083 1488 5126; x_wconf 90' lang='lat' dir='ltr'>ms</span> <span class='ocrx_word' id='word_1_736' title='bbox 1499 5069 1616 5141; x_wconf 86' lang='lat' dir='ltr'>propter</span> <span class='ocrx_word' id='word_1_737' title='bbox 1626 5077 1682 5122; x_wconf 88' lang='lat' dir='ltr'>ms.</span> <span class='ocrx_word' id='word_1_738' title='bbox 1693 5062 1830 5136; x_wconf 77' lang='lat' dir='ltr'>seipsum</span> <span class='ocrx_word' id='word_1_739' title='bbox 1845 5060 1928 5120; x_wconf 84' lang='lat' dir='ltr'>euim</span> 
     </span>
     <span class='ocr_line' id='line_1_69' title="bbox 163 5150 1920 5232; baseline -0.001 -22"><span class='ocrx_word' id='word_1_740' title='bbox 163 5152 299 5227; x_wconf 76' lang='lat' dir='ltr'>operiunt</span> <span class='ocrx_word' id='word_1_741' title='bbox 309 5152 495 5225; x_wconf 65' lang='lat' dir='ltr'>seripturasr</span> <span class='ocrx_word' id='word_1_742' title='bbox 510 5158 537 5209; x_wconf 88' lang='lat' dir='ltr'>et</span> <span class='ocrx_word' id='word_1_743' title='bbox 552 5152 756 5212; x_wconf 79' lang='lat' dir='ltr'>inveniuntibi</span> <span class='ocrx_word' id='word_1_744' title='bbox 771 5154 825 5212; x_wconf 85' lang='lat' dir='ltr'>isin</span> <span class='ocrx_word' id='word_1_745' title='bbox 835 5156 934 5214; x_wconf 85' lang='lat' dir='ltr'>omniu</span> <span class='ocrx_word' id='word_1_746' title='bbox 944 5172 1017 5231; x_wconf 71' lang='lat' dir='ltr'>pre·</span> <span class='ocrx_word' id='word_1_747' title='bbox 1069 5163 1188 5219; x_wconf 87' lang='lat' dir='ltr'>usinuet</span> <span class='ocrx_word' id='word_1_748' title='bbox 1202 5162 1291 5218; x_wconf 87' lang='lat' dir='ltr'>istum</span> <span class='ocrx_word' id='word_1_749' title='bbox 1303 5160 1414 5231; x_wconf 84' lang='lat' dir='ltr'>eibum,</span> <span class='ocrx_word' id='word_1_750' title='bbox 1425 5159 1499 5232; x_wconf 90' lang='lat' dir='ltr'>quod</span> <span class='ocrx_word' id='word_1_751' title='bbox 1511 5157 1541 5213; x_wconf 91' lang='lat' dir='ltr'>iu</span> <span class='ocrx_word' id='word_1_752' title='bbox 1556 5151 1805 5227; x_wconf 87' lang='lat' dir='ltr'>oonsequentibus</span> <span class='ocrx_word' id='word_1_753' title='bbox 1815 5150 1920 5209; x_wconf 88' lang='lat' dir='ltr'>iiluoe·</span> 
     </span>
     <span class='ocr_line' id='line_1_70' title="bbox 161 5240 1923 5322; baseline -0.001 -22"><span class='ocrx_word' id='word_1_754' title='bbox 161 5244 260 5314; x_wconf 66' lang='lat' dir='ltr'>diem</span> <span class='ocrx_word' id='word_1_755' title='bbox 275 5243 343 5317; x_wconf 89' lang='lat' dir='ltr'>quis</span> <span class='ocrx_word' id='word_1_756' title='bbox 354 5241 411 5300; x_wconf 90' lang='lat' dir='ltr'>boo</span> <span class='ocrx_word' id='word_1_757' title='bbox 425 5240 569 5302; x_wconf 82' lang='lat' dir='ltr'>Dominus</span> <span class='ocrx_word' id='word_1_758' title='bbox 579 5241 658 5299; x_wconf 89' lang='lat' dir='ltr'>iseit.</span> <span class='ocrx_word' id='word_1_759' title='bbox 669 5240 813 5317; x_wconf 80' lang='lat' dir='ltr'>lieprlmit</span> <span class='ocrx_word' id='word_1_760' title='bbox 824 5244 1015 5304; x_wconf 81' lang='lat' dir='ltr'>celsitudines</span> <span class='ocrx_word' id='word_1_761' title='bbox 1069 5253 1137 5312; x_wconf 73' lang='lat' dir='ltr'>seit.</span> <span class='ocrx_word' id='word_1_762' title='bbox 1153 5252 1237 5322; x_wconf 66' lang='lat' dir='ltr'>ouen</span> <span class='ocrx_word' id='word_1_763' title='bbox 1250 5250 1341 5307; x_wconf 73' lang='lat' dir='ltr'>Filius</span> <span class='ocrx_word' id='word_1_764' title='bbox 1363 5249 1487 5308; x_wconf 75' lang='lat' dir='ltr'>bominis</span> <span class='ocrx_word' id='word_1_765' title='bbox 1504 5245 1580 5303; x_wconf 78' lang='lat' dir='ltr'>sistit</span> <span class='ocrx_word' id='word_1_766' title='bbox 1602 5242 1688 5302; x_wconf 85' lang='lat' dir='ltr'>robis.</span> <span class='ocrx_word' id='word_1_767' title='bbox 1712 5240 1923 5315; x_wconf 77' lang='lat' dir='ltr'>Exspeoiubse,</span> 
     </span>
     <span class='ocr_line' id='line_1_71' title="bbox 164 5326 1928 5413; baseline 0.003 -26"><span class='ocrx_word' id='word_1_768' title='bbox 164 5330 275 5399; x_wconf 75' lang='lat' dir='ltr'>sseuli,</span> <span class='ocrx_word' id='word_1_769' title='bbox 289 5336 324 5390; x_wconf 92' lang='lat' dir='ltr'>ut</span> <span class='ocrx_word' id='word_1_770' title='bbox 337 5331 374 5388; x_wconf 88' lang='lat' dir='ltr'>sb</span> <span class='ocrx_word' id='word_1_771' title='bbox 389 5330 553 5390; x_wconf 88' lang='lat' dir='ltr'>humilibus</span> <span class='ocrx_word' id='word_1_772' title='bbox 567 5331 757 5405; x_wconf 77' lang='lat' dir='ltr'>pioriiioetur.</span> <span class='ocrx_word' id='word_1_773' title='bbox 768 5331 809 5391; x_wconf 84' lang='lat' dir='ltr'>De</span> <span class='ocrx_word' id='word_1_774' title='bbox 818 5348 941 5406; x_wconf 89' lang='lat' dir='ltr'>quorum</span> <span class='ocrx_word' id='word_1_775' title='bbox 953 5334 1017 5392; x_wconf 85' lang='lat' dir='ltr'>siti·</span> <span class='ocrx_word' id='word_1_776' title='bbox 1069 5342 1167 5413; x_wconf 61' lang='lat' dir='ltr'>eredo,</span> <span class='ocrx_word' id='word_1_777' title='bbox 1182 5341 1287 5400; x_wconf 71' lang='lat' dir='ltr'>iterum</span> <span class='ocrx_word' id='word_1_778' title='bbox 1303 5354 1394 5413; x_wconf 71' lang='lat' dir='ltr'>penes</span> <span class='ocrx_word' id='word_1_779' title='bbox 1408 5338 1598 5404; x_wconf 74' lang='lat' dir='ltr'>mendosum,</span> <span class='ocrx_word' id='word_1_780' title='bbox 1607 5334 1716 5393; x_wconf 85' lang='lat' dir='ltr'>iterum</span> <span class='ocrx_word' id='word_1_781' title='bbox 1726 5326 1928 5401; x_wconf 74' lang='lat' dir='ltr'>dissuentem,</span> 
     </span>
     <span class='ocr_line' id='line_1_72' title="bbox 162 5420 1017 5495; baseline 0.008 -19"><span class='ocrx_word' id='word_1_782' title='bbox 162 5420 264 5476; x_wconf 85' lang='lat' dir='ltr'>tudine</span> <span class='ocrx_word' id='word_1_783' title='bbox 278 5421 450 5493; x_wconf 76' lang='lat' dir='ltr'>prediotum</span> <span class='ocrx_word' id='word_1_784' title='bbox 464 5427 520 5492; x_wconf 86' lang='lat' dir='ltr'>est,</span> <span class='ocrx_word' id='word_1_785' title='bbox 535 5421 670 5480; x_wconf 78' lang='lat' dir='ltr'>ciuitates</span> <span class='ocrx_word' id='word_1_786' title='bbox 683 5422 859 5495; x_wconf 66' lang='lat' dir='ltr'>mesmes</span> <span class='ocrx_word' id='word_1_787' title='bbox 876 5424 1017 5492; x_wconf 68' lang='lat' dir='ltr'>dum:</span> 
     </span>
     <span class='ocr_line' id='line_1_73' title="bbox 163 5505 1923 5636; baseline 0.013 -73"><span class='ocrx_word' id='word_1_788' title='bbox 163 5505 1018 5610; x_wconf 67' lang='lat' dir='ltr'>etinimieidsisosrssttroossaeispesss,aemeinimis·</span> <span class='ocrx_word' id='word_1_789' title='bbox 1101 5578 1143 5629; x_wconf 53' lang='grc' dir='ltr'><strong>ψ</strong></span> <span class='ocrx_word' id='word_1_790' title='bbox 1255 5575 1278 5626; x_wconf 52' lang='lat' dir='ltr'>n</span> <span class='ocrx_word' id='word_1_791' title='bbox 1329 5574 1416 5626; x_wconf 46' lang='lat' dir='ltr'>‚m</span> <span class='ocrx_word' id='word_1_792' title='bbox 1448 5568 1725 5636; x_wconf 49' lang='lat' dir='ltr'>“mmm</span> <span class='ocrx_word' id='word_1_793' title='bbox 1868 5566 1923 5617; x_wconf 37' lang='grc' dir='ltr'>Ἴ</span> 
     </span>
     <span class='ocr_line' id='line_1_74' title="bbox 163 5578 1934 5701; baseline 0.001 -19"><span class='ocrx_word' id='word_1_794' title='bbox 163 5596 501 5701; x_wconf 56' lang='lat' dir='ltr'>ernestionem).</span> <span class='ocrx_word' id='word_1_795' title='bbox 516 5602 675 5678; x_wconf 64' lang='grc'>01111111</span> <span class='ocrx_word' id='word_1_796' title='bbox 693 5604 815 5676; x_wconf 66' lang='grc'>1111111·</span> <span class='ocrx_word' id='word_1_797' title='bbox 835 5604 1020 5666; x_wconf 53' lang='lat' dir='ltr'>mmm</span> <span class='ocrx_word' id='word_1_798' title='bbox 1070 5639 1122 5693; x_wconf 68' lang='lat' dir='ltr'>seu</span> <span class='ocrx_word' id='word_1_799' title='bbox 1137 5578 1319 5693; x_wconf 56' lang='lat' dir='ltr'>wisele*-</span> <span class='ocrx_word' id='word_1_800' title='bbox 1329 5613 1381 5691; x_wconf 82' lang='lat' dir='ltr'>&#39;un</span> <span class='ocrx_word' id='word_1_801' title='bbox 1396 5586 1468 5689; x_wconf 50' lang='lat' dir='ltr'>ug:</span> <span class='ocrx_word' id='word_1_802' title='bbox 1484 5634 1521 5687; x_wconf 86' lang='grc' dir='ltr'>ιιι</span> <span class='ocrx_word' id='word_1_803' title='bbox 1534 5606 1620 5685; x_wconf 71' lang='lat' dir='ltr'>sisois</span> <span class='ocrx_word' id='word_1_804' title='bbox 1633 5629 1711 5697; x_wconf 69' lang='grc' dir='ltr'><strong>ειμι,</strong></span> <span class='ocrx_word' id='word_1_805' title='bbox 1745 5578 1934 5695; x_wconf 53' lang='lat' dir='ltr'>,ruffini</span> 
     </span>
     <span class='ocr_line' id='line_1_75' title="bbox 165 5684 1190 5769; baseline 0.007 -22"><span class='ocrx_word' id='word_1_806' title='bbox 165 5688 302 5747; x_wconf 76' lang='lat' dir='ltr'>tiburtus</span> <span class='ocrx_word' id='word_1_807' title='bbox 314 5684 843 5767; x_wconf 63' lang='lat' dir='ltr'>loquiturrbpomsstitstissm.</span> <span class='ocrx_word' id='word_1_808' title='bbox 866 5696 943 5765; x_wconf 72' lang='lat' dir='ltr'>uuis</span> <span class='ocrx_word' id='word_1_809' title='bbox 956 5696 1020 5757; x_wconf 78' lang='lat' dir='ltr'>beo</span> <span class='ocrx_word' id='word_1_810' title='bbox 1071 5701 1190 5769; x_wconf 69' lang='lat' dir='ltr'>emises.</span> 
     </span>
    </p>
   </div>
   <div class='ocr_carea' id='block_1_9' title="bbox 1103 5502 1740 5576">
    <p class='ocr_par' dir='ltr' id='par_1_10' title="bbox 1103 5502 1740 5576">
     <span class='ocr_line' id='line_1_76' title="bbox 1103 5502 1740 5576; baseline -0.02 -9"><span class='ocrx_word' id='word_1_811' title='bbox 1103 5515 1200 5567; x_wconf 80' lang='lat' dir='ltr'>¹iustu</span> <span class='ocrx_word' id='word_1_812' title='bbox 1209 5513 1253 5565; x_wconf 82' lang='lat' dir='ltr'>ltr.</span> <span class='ocrx_word' id='word_1_813' title='bbox 1262 5512 1346 5576; x_wconf 77' lang='lat' dir='ltr'>Lupd.</span> <span class='ocrx_word' id='word_1_814' title='bbox 1358 5514 1386 5563; x_wconf 89' lang='lat' dir='ltr'>st</span> <span class='ocrx_word' id='word_1_815' title='bbox 1400 5508 1480 5574; x_wconf 66' lang='lat' dir='ltr'>Vsu„</span> <span class='ocrx_word' id='word_1_816' title='bbox 1494 5507 1671 5575; x_wconf 76' lang='lat' dir='ltr'>npraersotet.</span> <span class='ocrx_word' id='word_1_817' title='bbox 1704 5502 1740 5556; x_wconf 84' lang='grc' dir='ltr'>Ι.</span> 
     </span>
    </p>
   </div>
   <div class='ocr_carea' id='block_1_10' title="bbox 0 0 1993 6148">
    <p class='ocr_par' dir='ltr' id='par_1_11' title="bbox 0 0 1993 6148">
     <span class='ocr_line' id='line_1_77' title="bbox 0 0 1993 6148; baseline 0 0"><span class='ocrx_word' id='word_1_818' title='bbox 0 0 1993 6148; x_wconf 95' lang='lat' dir='ltr'> </span> 
     </span>
    </p>
   </div>
  </div>
 </body>
</html>
