3952 6150
97 190 176 289 reos
713 224 948 290 rasornrus
969 224 1017 289 cr.
1040 225 1169 288 meur
1190 226 1268 290 xvr.
1774 249 1853 315 1892

94 363 228 435 Denique
243 362 381 420 continuo
394 361 480 420 soluit
494 362 556 435 ipse
572 361 773 433 questionem,
784 366 813 419 et
827 378 879 421 our
893 361 948 419 hoc
1003 361 1156 434 significati
1172 366 1239 420 sunt
1256 363 1369 421 inimici
1379 382 1396 421 n
1407 365 1513 438 quibus
1523 369 1656 430 Christus
1668 379 1780 439 occisus
1795 391 1852 456 set,

93 453 210 523 dixerit,
227 451 401 527 explanavit.
417 452 525 519 Omniu,
541 452 648 525 inquit,
670 468 849 526 questumque
868 451 948 510 tolet
1001 454 1072 508 tunc
1087 451 1189 524 utique
1204 451 1290 509 letati
1311 458 1381 511 sunt
1396 456 1491 513 occiso
1507 457 1631 533 Christo,
1648 470 1763 537 quando
1784 481 1854 533 eunt

92 547 187 613 Peter,
202 559 263 600 mco
279 550 346 601 suut
360 560 371 601 .·
384 550 530 615 propterca
545 542 608 599 dini
621 545 686 615 quio
700 542 732 599 dc
747 560 805 600 mco
819 541 945 614 accipiet,
1002 541 1139 614 discipuli
1162 543 1334 599 contristati.
1350 546 1450 603 Mundi
1474 548 1582 623 quippe
1597 555 1726 624 nomine,
1743 560 1854 621 malitie

91 637 117 689 ct
141 633 321 691 annuntiabit
340 633 425 691 uubis
452 633 525 698 Ouid
550 632 635 689 vultis
660 632 809 705 emplius‘l
823 633 895 705 Ergo
912 635 946 688 do
1002 635 1100 703 potest
1114 632 1218 688 mundi
1234 633 1321 705 hujus
1337 633 1472 708 intelligi,
1485 637 1732 703 idesthominum
1748 653 1854 709 muudi

92 723 177 782 Patre
188 723 294 798 accipit
313 723 441 797 Spiritus
458 727 588 793 sanetus,
604 724 681 780 unde
705 724 811 796 accipit
835 724 944 792 Filius;
1002 722 1091 794 hujus
1106 723 1277 781 amicorum.
1290 723 1508 784 Undelnoobus
1524 733 1670 802 apostolus
1681 735 1710 793 in
1723 738 1854 811 Epistola

91 814 163 886 quia
179 815 210 872 in
232 813 286 871 heo
307 813 447 870 Trinitate
463 814 498 870 de
513 814 598 871 Putre
619 821 702 870 nutus
726 816 768 870 est
793 812 895 880 Filius,
911 813 946 869 de

91 908 179 963 Patre
194 906 322 979 procedit
336 905 462 978 Spiritus
476 913 604 964 senotus.
622 905 676 974 Qui
698 910 796 963 eutem
813 905 849 963 de
865 904 946 963 nullo

93 999 181 1053 natus
196 995 246 1066 sit,
263 994 298 1053 de
321 993 403 1052 nullo
427 995 573 1070 procedet,
598 995 680 1054 Pater
703 994 780 1053 solus
799 1003 852 1052 est.
869 996 945 1062 Quo·

91 1086 179 1143 modo
194 1087 291 1142 sutem
306 1084 411 1142 dixerit
425 1084 591 1157 unigenitus
605 1083 706 1155 Filius,
717 1085 816 1143 Omnia
826 1085 946 1159 quello·

91 1177 136 1232 let
151 1180 245 1242 Peter,
260 1191 321 1232 meo
335 1181 400 1232 suut
415 1174 497 1247 (quis
513 1175 612 1246 utique
625 1191 682 1232 non
698 1175 740 1232 sio
753 1175 945 1247 quemadmo-

90 1266 163 1322 dum
172 1265 283 1323 dictum
295 1273 338 1322 est
349 1263 389 1320 illi
400 1264 472 1322 Filio
484 1281 541 1322 non
554 1265 769 1338 unigenito,sed
783 1283 817 1323 ex
832 1266 946 1325 duobus

90 1356 209 1427 majori,
226 1356 263 1412 Tu
277 1371 383 1413 mecum
396 1371 425 1412 ss
438 1370 553 1428 semper,
569 1362 595 1412 ct
614 1358 707 1413 omnio
731 1371 795 1414 mee
813 1365 862 1413 tuo
878 1368 945 1416 suut

88 1449 166 1521 llus.
179 1464 227 1519 κν,
237 1447 309 1518 31]);
324 1463 357 1504 eo
373 1448 447 1518 loeo,
464 1446 489 1504 si
503 1446 646 1504 Dominus
661 1446 794 1517 voluerit,
811 1447 945 1522 diligenti

89 1536 322 1594 consideratione
335 1534 518 1604 tractabitur,
530 1537 580 1594 ubi
591 1537 661 1593 dicit
672 1537 843 1611 Unigenitus
853 1539 943 1609 Petri,

88 1628 121 1682 lit
130 1642 193 1685 meo
203 1627 295 1684 omnio
305 1630 353 1683 tuo
362 1633 435 1695 suut,
444 1633 471 1683 ct
482 1634 530 1683 tuo
544 1643 605 1684 meo
619 1628 865 1700 succurramur,
878 1629 923 1698 10)
935 1645 942 1686 :

87 1717 177 1775 uthie
189 1718 243 1775 iste
254 1733 350 1775 sermo
360 1715 526 1788 claudatur;
539 1717 753 1792 quoniamque
769 1725 942 1793 sequuntur,

85 1805 168 1863 aliud
187 1809 323 1878 poscunt,
336 1822 395 1880 quo
410 1806 604 1874 disserentur,
619 1808 782 1865 exordium.

380 1929 592 1988 sancturus
612 1930 656 1988 cl.

85 2041 166 2096 Dece
180 2037 251 2111 quod
265 2037 399 2095 mmiuus
414 2037 492 2103 dicit,
508 2037 653 2096 llodicum
669 2043 698 2096 et
710 2040 773 2112 tem
789 2058 848 2098 non
864 2042 941 2101 uide·

120 2125 193 2183 bitis
208 2141 269 2194 me;
279 2141 366 2200 usquc
378 2124 461 2195 odiit,
472 2125 507 2182 St
521 2125 551 2182 in
567 2125 616 2184 illo
627 2127 673 2184 die
690 2143 736 2186 me
751 2146 811 2189 non
825 2131 942 2205 rogsbl·
967 2208 975 2221 .

121 2218 162 2275 tis
177 2215 353 2289 quidquem.
368 2216 434 2287 Cup.
449 2231 508 2285 xur,
524 2216 553 2286 i,
571 2216 664 2275 itt-23.

122 2336 150 2394 l.
168 2336 232 2392 ileu
253 2332 370 2392 Domini
385 2333 473 2390 uerba
493 2333 542 2392 ubi
562 2334 612 2405 alt,
628 2335 759 2394 llodicum
773 2341 870 2413 etjam
883 2357 939 2401 nou

84 2427 221 2485 videtitis
244 2442 297 2492 mc,
312 2430 339 2484 et
354 2427 455 2483 iterum
475 2425 611 2483 modicum
625 2432 651 2484 ct
666 2428 792 2487 ridebitis
805 2448 858 2504 me,
873 2435 939 2507 quio

85 2516 155 2574 codo
164 2515 200 2574 ud
211 2514 381 2584 currentia
391 2515 515 2574 obscura
526 2512 937 2596 eruntdisclpulis,nntequnm

84 2609 115 2664 id
131 2608 210 2681 qnod
224 2607 295 2665 dicit
309 2605 461 2680 impletum
478 2614 564 2676 esset,
581 2612 611 2664 ut
626 2618 788 2681 querentes
810 2612 886 2671 inter
907 2634 939 2678 se

82 2697 154 2770 quid
166 2701 243 2755 esset
253 2696 330 2771 quod
342 2696 463 2765 diceret,
473 2697 593 2755 omnino
603 2714 634 2755 se
646 2699 804 2758 faterentur
815 2706 936 2765 nescire.

81 2787 224 2861 Sequitur
237 2787 317 2844 enim
332 2785 521 2860 Evangelium
534 2803 541 2845 :
554 2788 690 2845 dicerunt
700 2805 764 2860 erpo
774 2806 810 2847 cc
819 2792 938 2868 discipu·

79 2878 189 2952 lisoius
203 2876 238 2933 od
254 2878 381 2944 inuicem,
398 2876 468 2946 Quid
483 2885 522 2933 cst
536 2877 587 2933 loc
600 2877 671 2949 quod
688 2877 754 2935 dicit
774 2882 864 2953 nolis,
880 2885 936 2942 lto·

77 2967 207 3023 dicumct
217 2982 271 3023 uon
281 2964 618 3032 videtitismc,ctitcrum
626 2966 797 3026 modicumet
808 2971 938 3031 uidebitis

76 3072 133 3125 me,
150 3060 176 3114 st
190 3057 257 3129 quio
276 3054 346 3113 uodo
370 3055 405 3111 nd
429 3057 562 3112 Patrem?
576 3055 707 3113 Dicebant
722 3075 796 3130 erpo,
812 3061 883 3130 Quid
896 3070 936 3120 est

74 3145 127 3202 troc
140 3144 212 3221 quod
224 3143 302 3212 dicit,
318 3143 470 3202 Modicum?
484 3145 623 3202 Nescimus
639 3146 705 3217 quid
722 3147 853 3221 loquitur.
875 3151 935 3211 lloc

74 3234 155 3293 euim
180 3241 225 3292 est
246 3234 324 3307 quod
339 3250 387 3291 eos
412 3234 555 3303 movebat,
571 3234 641 3307 quia
656 3235 740 3305 dixit,
756 3239 894 3297 Modicum
909 3245 935 3298 et

75 3342 133 3383 nou
143 3324 270 3382 uidebitis
279 3330 366 3392 mast
377 3325 479 3379 iterum
489 3323 790 3383 modicumctuidcbr'tis
800 3329 933 3388 meNsm

75 3418 107 3473 in
132 3412 367 3490 precedentibus
392 3412 463 3486 quia
488 3429 547 3472 non
572 3413 858 3489 dissertitudinem,
882 3420 933 3478 sed

76 3507 201 3574 dixerut,
215 3504 254 3560 tc
268 3505 378 3561 Patrem
388 3502 467 3576 vodo,
477 3510 503 3560 et
518 3504 579 3576 inm
589 3521 642 3562 uon
651 3505 777 3565 uidebitis
790 3525 834 3566 mc
844 3511 933 3581 (loun.

76 3613 139 3666 xvi,
155 3596 217 3667 10);
233 3598 370 3667 tanquam
393 3599 491 3665 aperte
511 3593 571 3652 illis
585 3596 666 3654 visus
680 3600 725 3654 est
738 3598 865 3669 locutus,
881 3618 933 3661 neo

79 3689 157 3746 inter
171 3700 203 3743 se
218 3685 254 3741 de
270 3684 322 3741 hoo
346 3685 458 3758 aliquid
475 3687 662 3759 quesierunt.
677 3688 759 3749 Nune
774 3693 934 3768 ergo-quod

79 3776 139 3832 illis
163 3780 233 3832 tuno
258 3773 414 3831 obscurum
437 3774 502 3845 luit,
519 3780 547 3832 at
561 3792 628 3834 mox
641 3779 860 3840 manifestatum
876 3789 932 3855 eet,

74 3869 140 3938 J'am
152 3863 345 3937 nobisutique
356 3864 681 3940 manifestumesttpost
691 3869 843 3941 paululum
854 3874 933 3932 enim

78 3972 186 4030 pessus
201 3958 256 4024 est,
267 3959 297 4012 et
308 3971 364 4012 non
376 3954 603 4028 viderunteum;
620 3975 732 4030 rursus,
750 3964 816 4034 post
828 3964 933 4037 puulo·

75 4046 140 4103 lum
166 4044 337 4111 resurrexit,
353 4047 382 4102 et
404 4044 541 4102 viderunt
555 4062 634 4105 eum.
651 4047 726 4106 Illud
741 4054 838 4109 autem
854 4054 931 4127 quod

76 4137 129 4206 ait,
140 4138 204 4194 ium
217 4152 270 4192 nou
286 4134 412 4192 uidebitis
422 4152 475 4206 mc,
490 4137 559 4210 quie
574 4138 631 4196 isto
641 4139 739 4211 verbo,
752 4141 781 4197 id
796 4146 849 4214 est,
857 4146 932 4216 inm,

1001 829 1056 869 sua
1070 813 1150 879 dicit,
1162 814 1328 888 Quicumque
1343 816 1462 875 uoluerit
1476 824 1583 880 amicus
1596 840 1654 883 esse
1667 828 1749 901 iuius
1759 834 1855 893 seculi

1001 902 1130 958 inimicus
1146 904 1194 960 Dei
1207 905 1386 962 constituitur
1400 909 1505 980 (loculi
1513 928 1550 980 ru,
1563 913 1591 983 4)
1609 930 1615 969 :
1631 917 1738 987 qulbus
1753 921 1853 982 inimi·

1001 992 1078 1049 oitiis
1089 993 1139 1050 Dei
1151 996 1258 1052 lactum
1269 999 1313 1053 est
1324 1003 1355 1054 ut
1367 1014 1418 1055 nec
1429 1001 1454 1071 ej
1460 1017 1494 1057 us
1504 1000 1660 1076 Unigenito
1674 1017 1853 1081 parceretur.

1036 1083 1062 1140 3.
1080 1083 1192 1141 Deinde
1216 1086 1376 1159 subjungit,
1393 1092 1422 1145 ct
1445 1089 1539 1147 dicit:
1556 1092 1656 1153 liulier
1681 1114 1743 1158 cum
1765 1104 1853 1177 perit,

1000 1172 1146 1232 tristitiom
1162 1173 1253 1245 trolct,
1265 1176 1329 1249 quiu
1339 1180 1414 1235 venit
1427 1180 1495 1236 toro
1508 1183 1566 1254 ejus
1570 1200 1582 1247 ,·
1591 1200 1653 1243 cum
1667 1198 1759 1247 autem
1772 1208 1852 1267 pepe·

999 1266 1068 1322 rcrit
1080 1280 1208 1336 puerum,
1219 1265 1281 1337 jum
1295 1282 1349 1323 ucu
1363 1270 1490 1327 meminit
1505 1288 1646 1343 pressure
1657 1288 1768 1351 propter
1786 1299 1854 1355 puu-

999 1355 1083 1422 dium,
1099 1356 1164 1427 quie
1187 1359 1269 1411 notus
1283 1359 1322 1412 est
1336 1358 1415 1413 tomo
1438 1360 1471 1414 in
1493 1361 1625 1422 muudum
1642 1371 1691 1423 :ct
1706 1385 1750 1426 uros
1764 1373 1852 1443 icitur

999 1461 1074 1501 nuuc
1088 1445 1198 1517 quidem
1223 1445 1369 1501 tristitiom
1392 1448 1515 1515 linietis:
1533 1451 1630 1510 iterum
1650 1460 1743 1515 nutem
1758 1461 1851 1520 videto

1000 1552 1055 1605 uos,
1063 1540 1090 1592 st
1103 1535 1230 1607 puudclrit
1243 1552 1290 1593 cor
1305 1545 1434 1606 uestrum,
1449 1545 1476 1597 el
1489 1542 1624 1611 qoudium
1640 1555 1758 1605 uestrum
1772 1566 1852 1609 nemo

999 1626 1076 1683 tollet
1087 1625 1198 1682 euobis.
1214 1625 1271 1682 Neu
1287 1626 1344 1684 ista
1359 1628 1521 1688 similitudo
1532 1633 1568 1689 ad
1581 1633 1802 1709 intelligendum
1812 1640 1854 1698 ui·

999 1716 1084 1772 detur
1106 1731 1170 1772 esse
1193 1715 1340 1785 dildoilis;
1367 1719 1504 1790 quonium
1528 1726 1706 1795 comparatio
1730 1730 1793 1801 ejus
1819 1731 1849 1789 in

997 1814 1132 1879 promptu
1144 1813 1197 1875 est,
1209 1807 1308 1862 eodem
1321 1807 1384 1880 ipso
1395 1817 1555 1881 exponente
1565 1829 1618 1872 cur
1632 1813 1710 1874 dicte
1721 1819 1767 1876 sit.
1781 1819 1850 1879 Per·

997 1894 1098 1952 turitio
1111 1894 1219 1969 quippe
1235 1895 1370 1967 tristitie,
1384 1903 1484 1970 partus
1499 1904 1596 1960 autem
1612 1905 1719 1976 gaudio
1731 1924 1849 1983 compe·

997 1988 1094 2052 retur,
1111 1985 1188 2057 quod
1204 1990 1274 2043 tuno
1290 1987 1388 2060 majus
1404 2005 1468 2047 esse
1482 1993 1641 2061 consueuit,
1656 1998 1774 2067 quondo
1790 2016 1848 2058 non

997 2072 1103 2146 puelle,
1119 2074 1168 2130 sed
1194 2089 1264 2144 puer
1289 2075 1426 2134 nuscitur.
1452 2079 1533 2144 Oood
1559 2097 1625 2140 vero
1648 2082 1698 2151 eit,
1714 2084 1849 2147 Gaudium

995 2170 1113 2220 uestrum
1128 2178 1208 2219 nemo
1222 2161 1331 2220 tuileto
1347 2165 1430 2238 zulte,
1446 2167 1514 2239 quia
1528 2170 1672 2241 gaudium
1688 2188 1787 2233 eorum
1803 2181 1850 2234 est

995 2251 1058 2324 ipse
1071 2250 1167 2320 lesus,
1179 2250 1375 2324 signitloetum
1390 2257 1435 2310 cst
1450 2256 1527 2327 quod
1543 2257 1582 2314 uit
1593 2260 1759 2333 Apostolus,
1771 2264 1849 2321 Ciri-

994 2346 1051 2398 slus
1060 2358 1177 2416 serpens
1187 2359 1203 2397 o
1214 2341 1328 2399 mortuis
1342 2343 1398 2413 inm
1407 2361 1464 2425 ¹sitm
1480 2346 1607 2416 inuritur,
1618 2354 1643 2406 ct
1653 2366 1726 2409 mors
1735 2355 1763 2410 ei
1772 2353 1846 2412 ultre

993 2447 1048 2489 uon
1063 2430 1249 2489 dominabitur
1264 2434 1350 2501 (Rom.
1365 2450 1402 2505 vr,
1417 2433 1457 2506 9).

1028 2525 1055 2580 l.
1071 2528 1230 2596 Hucusque
1240 2523 1269 2579 in
1281 2523 1336 2580 isto
1352 2524 1500 2598 Duarrgelii
1513 2526 1651 2599 capitulo,
1664 2533 1741 2591 unde
1758 2532 1845 2591 hodie

994 2613 1845 2689 disputemus‚uelutlueiliintellectuomniaoocurrernnt:

993 2706 1086 2764 acrior
1110 2705 1274 2762 necessaria
1289 2708 1331 2761 est
1346 2705 1375 2761 ln
1391 2704 1514 2780 hisque
1529 2714 1691 2783 sequuntur
1710 2712 1844 2774 intentio.

991 2794 1063 2859 Quid
1079 2800 1123 2853 est
1138 2795 1216 2852 enim
1232 2795 1308 2866 quod
1324 2795 1374 2864 uit,
1390 2796 1425 2851 lit
1436 2795 1467 2851 io
1482 2796 1846 2877 illodiemeuouroqntitis

991 2885 1162 2957 quidquam?
1176 2884 1235 2939 lloc
1250 2883 1370 2940 uerbum
1386 2884 1464 2956 quod
1478 2890 1523 2942 est
1537 2903 1650 2961 rogare,
1666 2904 1722 2948 non
1749 2893 1845 2951 solum

992 2977 1098 3047 petere,
1107 2989 1207 3029 verum
1218 2972 1306 3029 etiem
1318 2972 1494 3047 interrogare
1506 2975 1666 3050 significan
1679 2987 1705 3037 el
1716 2996 1843 3052 grecum

991 3052 1188 3127 llvangelium,
1204 3053 1281 3109 unde
1295 3052 1350 3108 hoo
1366 3053 1538 3113 translatum
1548 3061 1603 3128 est,
1615 3058 1673 3117 tale
1683 3059 1842 3121 hebetior·

990 3144 1060 3200 hum
1073 3141 1149 3216 quod
1162 3143 1319 3213 utrumque
1334 3141 1425 3212 possit
1441 3142 1574 3215 intelligi,
1584 3151 1616 3202 ut
1626 3146 1687 3204 hese
1697 3149 1841 3225 ambigui·

990 3237 1034 3289 tes
1050 3248 1102 3289 neo
1115 3229 1185 3287 inde
1199 3229 1329 3287 soluetur
1344 3230 1383 3302 (o)
1396 3247 1402 3285 :
1416 3246 1584 3304 quanquem
1599 3236 1654 3292 etsi
1669 3235 1840 3310 solveretur,
1940 3228 1941 3232 ¹

990 3338 1049 3379 non
1064 3323 1129 3379 ideo
1144 3318 1223 3377 nulle
1238 3319 1359 3394 questio
1376 3330 1546 3379 remuneret.
1559 3323 1715 3382 Dominum
1731 3328 1841 3389 etenim

989 3411 1145 3483 Christum,
1163 3414 1317 3485 postquem
1341 3412 1509 3478 resurrexit,
1523 3413 1552 3469 et
1574 3412 1783 3487 interrogatum
1798 3417 1841 3475 le·

988 3499 1084 3573 gimue
1099 3505 1127 3558 et
1141 3504 1285 3574 rogatum.
1298 3499 1371 3556 Nam
1386 3499 1582 3574 interrogatus
1596 3507 1670 3560 sets
1686 3502 1839 3580 discipulis

990 3605 1164 3648 ascensurus
1192 3589 1222 3645 in
1251 3587 1365 3658 coelum,
1396 3591 1512 3662 quondo
1543 3596 1782 3664 presentemur,
1810 3598 1840 3652 ct

988 3678 1103 3751 quando
1119 3694 1239 3750 regnum
1254 3682 1331 3735 esset
1346 3678 1433 3735 lsreel
1447 3679 1514 3751 (tot.
1527 3695 1546 3748 r,
1558 3679 1585 3751 6)
1598 3696 1605 3737 :
1617 3695 1682 3738 oum
1698 3697 1763 3740 reto
1774 3683 1838 3755 jem

988 3771 1065 3824 esset
1075 3767 1105 3823 in
1115 3765 1197 3837 coslo,
1210 3776 1329 3840 rogetus
1342 3774 1410 3825 este
1421 3771 1521 3825 sancto
1536 3767 1695 3842 Stephano,
1707 3776 1737 3827 ut
1752 3771 1842 3845 spiri·

988 3860 1051 3913 tum
1076 3857 1140 3930 ujus
1164 3856 1305 3928 acciperet
1320 3856 1370 3929 (ld.
1386 3873 1439 3928 vu,
1453 3857 1510 3931 58).
1527 3858 1562 3915 ut
1586 3859 1651 3930 quis
1675 3860 1781 3918 audent
1800 3860 1844 3919 sel

988 3947 1113 4020 cogitare
1128 3945 1172 4005 rel
1187 3947 1290 4018 dicere,
1308 3947 1338 4004 in
1362 3947 1434 4005 coelo
1459 3949 1608 4006 cedentem
1624 3950 1774 4009 Christum
1797 3968 1844 4010 ro·

987 4036 1116 4109 gendum
1143 4053 1201 4094 non
1223 4052 1297 4106 esse,
1317 4039 1346 4094 et
1368 4038 1398 4094 in
1423 4043 1498 4095 terru
1522 4043 1689 4096 manentem
1710 4043 1841 4113 rogatum

989 4124 1104 4183 luisset
1119 4126 1283 4200 rogandum
1299 4143 1356 4183 non
1372 4142 1437 4184 csse
1456 4126 1666 4199 immortalem,
1682 4128 1777 4201 rogari
1793 4128 1845 4186 de-

75 4228 132 4285 hoc
155 4224 276 4298 intelligi
292 4224 383 4296 soluit
397 4226 472 4298 quod
489 4242 557 4283 eum
574 4226 696 4285 ulterius
715 4245 774 4287 non
791 4232 932 4305 viderent,
988 4214 1087 4273 bllim
1102 4215 1276 4274 ¹¹1⁰il³¹⁰ffli
1287 4216 1357 4287 1⁰¹⁰,
1375 4215 1550 4287 charissimi,
1566 4231 1701 4288 ‘⁰80ffl118
1718 4232 1798 4285 tum,
1810 4221 1843 4274 ¹st

77 4315 117 4373 ibi
135 4315 325 4388 exposuimus
341 4315 485 4388 quomodo
501 4316 702 4388 accipiendum
718 4320 768 4386 sit,
785 4321 836 4377 ubi
851 4321 933 4394 dixit,
988 4307 1276 4382 ¹¹⁰d¹¹¹¹¹ill¹lt³⁸ll⁰nis
1287 4306 1843 4382 hitl¹¹⁸59⁸⁰dl⁸⁵⁰li⁸lrlt²⁰0⁰dtlln⁰⁰t·

77 4406 238 4475 Demetitis
255 4408 353 4477 orpuct
367 4403 499 4461 muudum
522 4405 648 4478 Spiritus
672 4412 802 4478 sanetus,
818 4412 884 4484 quio
898 4412 934 4469 od
988 4399 1075 4457 dlb¹¹³
1091 4401 1199 4459 mltis
1212 4401 1247 4458 td
1265 4400 1386 4457 videndi
1400 4414 1465 4472 (1¹¹ae
1480 4398 1561 4455 ‘Dilis

79 4497 192 4552 Putrem
214 4494 293 4563 uodo,
306 4501 332 4551 et
353 4495 411 4567 inm
434 4510 488 4552 nou
512 4495 638 4552 videtitis
657 4513 701 4554 mc
714 4497 827 4569 (Supra,
844 4501 932 4560 tract,
1022 4490 1049 4547 5.
1067 4490 1138 4547 Puto
1153 4490 1229 4547 enim
1244 4489 1322 4562 quod
1338 4488 1388 4560 ait,
1403 4488 1507 4544 lterum
1525 4494 1618 4544 nutem
1635 4487 1729 4545 uidebo
1744 4503 1801 4557 uos,
1816 4491 1843 4545 et

77 4586 123 4660 95)
142 4601 149 4642 :
166 4584 236 4660 quie
250 4583 359 4643 scilicet
384 4584 535 4643 mortalem
560 4584 706 4644 Christum
729 4588 852 4648 ulterius
875 4609 934 4652 non
987 4579 1116 4653 daumii
1127 4596 1173 4636 ⁶⁰?
1186 4583 1318 4648 mirum,
1330 4586 1356 4636 ii
1369 4577 1500 4651 poudium
1515 4580 1633 4634 ”tilium
1641 4593 1724 4635 ΜΝ
1739 4576 1815 4635 Ῑθῖῑθῖ
1824 4594 1842 4634 ⁰

78 4676 222 4735 ,fflmnt'
987 4669 1072 4736 uobis,
1091 4685 1148 4726 non
1164 4668 1202 4726 ad
1217 4667 1288 4724 illud
1306 4672 1421 4740 tempus
1436 4681 1501 4725 esee
1523 4667 1705 4724 referendum
1721 4684 1779 4741 quo
1794 4685 1842 4726 re·

113 4767 142 4824 2.
159 4766 289 4837 Copuouit
302 4772 393 4823 autem
407 4768 495 4838 lesus,
511 4765 589 4824 siout
603 4781 727 4841 sequens
752 4769 934 4843 Euangeliou
989 4760 1232 4832 surrexit,eisquc
1242 4775 1327 4817 suam
1339 4774 1454 4817 carnem
1466 4758 1642 4816 cernendam
1652 4759 1842 4832 tangendum·

79 4855 162 4924 dioit,
176 4855 245 4928 quta
264 4855 389 4913 cumbunt
411 4872 474 4914 cum
498 4857 678 4928 interrepere,
692 4860 717 4913 ct
731 4857 804 4915 dicit
816 4859 856 4917 cis
871 4877 882 4918 .·
896 4862 934 4920 Dc
988 4868 1045 4927 que
1069 4850 1242 4910 monstravit
1265 4850 1354 4925 (tono.
1377 4868 1425 4921 xx,
1439 4848 1487 4924 27)
1503 4868 1511 4907 :
1527 4850 1577 4908 sed
1593 4850 1689 4923 potius
1714 4850 1750 4906 nd
1766 4848 1837 4906 illud

78 4945 130 5002 troc
140 4944 352 5018 queritisintcr
362 4961 417 5015 uos,
429 4947 576 5019 quintini,
587 4945 718 5003 liuditum
728 4954 757 5003 ct
768 4964 821 5004 nou
832 4948 935 5007 uideli—
988 4942 1066 5000 unde
1084 4943 1147 5016 jam
1172 4941 1293 5011 dixerat,
1311 4941 1363 5011 Qut
1377 4940 1470 5012 dilicit
1493 4957 1546 5010 mc,
1571 4939 1740 5013 ditincturo
1756 4940 1842 4996 Patre
1898 4948 1901 4953 '

78 5034 114 5089 tis
128 5047 184 5102 mc,
195 5037 222 5090 ct
231 5034 333 5090 iterum
346 5032 483 5090 modicum
498 5038 522 5090 cl
536 5033 664 5091 videtitis
678 5050 730 5092 me.
746 5036 842 5107 Amen,
853 5053 933 5097 umes
988 5051 1062 5099 mco:
1078 5039 1103 5093 ct
1117 5052 1166 5106 epo
1177 5034 1292 5105 dilipom
1307 5050 1382 5103 eum,
1395 5038 1420 5091 el
1440 5033 1622 5105 manifestato
1643 5034 1782 5105 meipsum
1795 5031 1842 5088 tlte·

76 5120 316 5193 discruciamur
330 5121 695 5196 plorabitisetticlitiscos;
710 5125 829 5182 muudus
839 5134 933 5186 cutem
987 5124 1039 5196 (ld.
1056 5125 1247 5196 x1u,2ll.lum
1262 5123 1372 5198 quippe
1392 5123 1600 5190 resurrexerat,
1612 5118 1674 5191 tem
1692 5133 1723 5175 se
1736 5117 1794 5175 lllis
1809 5118 1841 5179 in

75 5212 286 5284 condedimus
296 5216 390 5270 nutem
399 5212 645 5284 contristabimini,
655 5213 703 5271 scd
714 5214 834 5274 tristitia
843 5221 933 5277 uestro
987 5229 1073 5271 cerne
1089 5216 1311 5283 monstraverat,
1321 5214 1381 5283 jam
1394 5209 1559 5269 esdebsted
1570 5209 1717 5266 dexteram
1733 5207 1839 5279 l’atris,

77 5308 105 5361 in
119 5302 259 5377 pendium
271 5301 329 5360 erit
339 5301 360 5360 ¹.
374 5301 409 5360 lit
423 5302 478 5361 hoo
492 5303 534 5361 sio
548 5302 639 5378 aeolpi
655 5307 761 5376 potest,
778 5305 847 5378 quia
862 5322 931 5365 oon·
986 5303 1102 5376 quando
1126 5302 1238 5360 dicebat
1260 5301 1338 5359 idem
1362 5302 1423 5374 ipse
1439 5297 1586 5374 spostolus
1599 5297 1737 5367 loannes,
1754 5299 1840 5371 culus

75 5392 185 5450 tristati
200 5395 271 5449 sunt
285 5390 423 5465 discipuli
437 5392 474 5451 de
486 5395 578 5450 morte
593 5391 720 5463 Domini,
735 5395 764 5450 et
778 5395 932 5454 confestim
986 5397 1031 5451 est
1055 5391 1110 5449 hoo
1129 5390 1328 5464 Euangelium,
1351 5389 1381 5447 ln
1405 5387 1535 5461 Epistola
1558 5404 1613 5445 sue
1628 5404 1635 5444 ε
1653 5387 1839 5460 dilectissimi,

75 5480 112 5538 de
127 5479 342 5539 resurrectione
354 5479 442 5539 letati
458 5481 608 5539 :mundus
624 5484 734 5553 eutem,
746 5498 803 5555 quo
814 5484 933 5543 nomine
986 5497 1060 5540 nuuc
1073 5480 1127 5555 filii
1143 5480 1190 5537 Dei
1203 5495 1306 5547 sumus,
1322 5487 1347 5537 st
1360 5476 1483 5537 noudum
1496 5477 1704 5553 manifestatum
1718 5485 1759 5536 est
1773 5476 1841 5554 quid

110 5609 175 5661 ¹Sie
185 5609 249 5661 lius.
266 5611 300 5665 et
315 5609 390 5669 editi,
404 5612 518 5663 certetur
534 5608 563 5661 is
576 5609 709 5673 pendium.
1021 5611 1053 5671 iu)
1070 5609 1165 5672 Grec,
1180 5605 1311 5660 esttenete.
