3952 6150
77 170 152 230 rece
836 166 1026 233 seruauit.
1119 234 1122 239 ,
1714 178 1785 243 esic
1883 150 1886 157 ’

77 296 276 370 amplissima.
304 294 436 369 Denique
449 296 603 378 ltposlelo,
619 302 651 354 ut
672 297 850 355 tentationes
863 299 903 357 ab
958 301 997 373 t).
1014 301 1146 375 Denique
1160 303 1298 376 quamuis
1312 307 1385 362 nota
1399 303 1458 361 sint
1478 304 1581 362 divina
1601 305 1731 381 eloquia,
1745 313 1788 367 ta·

77 386 112 426 ec
123 372 286 433 cessarent,
302 368 483 450 deprecanti,
497 368 643 425 Dominus
657 369 707 435 ait,
724 370 830 441 Sufficit
852 371 904 429 tibi
960 388 1029 429 men
1041 389 1110 430 cuin
1125 372 1332 432 fuerintsacris
1340 375 1545 432 voluminibus
1558 387 1735 446 memorata,
1746 380 1787 438 sic

74 439 169 513 pretio
179 456 236 495 nico
248 462 258 510 ,·
268 455 331 493 nain
341 444 430 520 oritus
442 456 472 494 in
490 440 653 511 infirmitate
666 441 816 524 perficitur.
832 444 904 499 lliuc
958 442 1009 499 illa
1020 444 1162 501 devotum
1177 452 1280 517 pectus
1300 446 1427 519 suscipit
1436 448 1524 519 quasi
1536 463 1624 504 nova.
1637 451 1786 508 Excitatur

77 512 258 569 subsecutus
271 511 321 591 ait,
335 510 404 566 Cain
418 512 556 583 infirmer,
574 517 637 568 tunc
649 514 753 584 sertin·
767 530 826 568 suni
838 526 850 583 ,·
864 521 902 580 ct,
958 515 1039 571 enim
1054 515 1235 573 desiderium
1247 519 1355 573 animm
1370 534 1442 587 erga
1453 534 1546 591 opera
1561 519 1712 577 salutaria.
1730 524 1785 579 Un-

75 582 194 648 Gaudeo,
208 584 316 654 inquit,
332 584 362 637 in
384 582 612 639 tribulationibus
634 585 710 649 ineis,
726 590 758 639 ut
771 584 904 641 inboliitet
957 586 995 641 de
1011 587 1170 658 Apostolus
1183 588 1222 644 ad
1229 587 1416 645 Timotheum
1432 590 1507 645 inter
1520 596 1623 647 cetera
1639 607 1645 647 :
1665 592 1698 648 llt
1711 609 1786 649 resu-

77 655 108 710 in
122 672 162 710 nic
174 655 262 709 uirtus
276 653 381 709 Christi
394 655 429 725 (ll
450 655 513 711 Gor.
527 670 577 723 xii,
598 659 624 721 9,
645 656 700 726 llil.
721 654 816 723 Quarti
832 671 903 726 ergo
957 658 1044 721 scitis,
1070 658 1175 730 inquit,
1193 660 1314 730 qratiam
1336 661 1391 715 Dei
1403 676 1463 732 que·
1478 666 1516 716 est
1538 662 1569 716 in
1590 667 1613 717 tc
1629 662 1665 734 (ΙΙ
1680 663 1751 720 Tim.
1764 680 1785 732 i,

75 725 238 782 laudabilis
254 725 293 806 sit
307 732 427 781 sanctus
441 725 563 807 Tobiae,
573 727 724 797 Scriptura
736 726 881 783 docemur
895 743 902 794 ;
958 728 997 798 6),
1019 728 1109 797 lgitur
1124 731 1292 786 necessaria
1308 736 1377 786 sunt
1393 732 1480 787 nobis
1501 732 1627 803 jejunia,
1656 734 1731 791 sicut
1755 735 1786 791 in

76 798 164 868 cujus
179 798 370 853 devotionem
386 812 440 852 nec
455 804 612 868 captivitas
627 799 743 862 minuit,
765 814 819 854 nec
835 815 905 855 ocu·
958 800 1133 856 vulneribus
1148 802 1305 858 medicina.
1323 801 1467 859 lledelam
1485 803 1564 858 enim
1579 804 1736 861 coulerunt
1749 806 1786 862 vi·

75 869 176 925 lorum
191 868 315 925 amissio
354 870 492 924 nominas
508 868 602 925 Deum
619 869 816 935 benediceret,
840 885 905 941 per·
959 874 1340 943 taeperpetuoe3itatamen
1360 874 1786 935 utduarumrerumtestimo·

75 939 294 1019 suasit‚·neque
305 954 340 994 ει
365 945 453 995 ansts
472 939 640 996 substantia
653 956 672 996 a
687 941 735 996 via
742 939 863 1022 justitiis
875 947 904 998 ct
958 941 1009 997 nio
1025 945 1283 1004 commendentur.
1305 946 1335 1000 iil
1351 952 1405 1011 est,
1425 945 1560 1001 oratione
1576 951 1605 1001 et
1618 947 1785 1004 misericor·

74 1012 207 1068 ueritatis
222 1011 327 1067 avertit
341 1009 418 1081 (Tuli.
435 1011 510 1083 iiii).
526 1013 690 1068 Necessitas
705 1027 785 1068 enim
799 1012 904 1084 prebat
957 1012 1020 1069 dia.
1038 1014 1156 1085 Jejuuia
1171 1031 1242 1085 ergo
1269 1017 1532 1088 intemperantiam
1552 1018 1686 1089 corporis
1710 1020 1787 1075 miti·

73 1082 187 1155 justum
205 1088 255 1148 ;et
268 1081 306 1162 iii
315 1087 448 1151 egestate
459 1082 630 1155 equitatem
647 1099 776 1148 servare,
793 1100 903 1141 ieraac
958 1091 1148 1154 gant,in0tus
1159 1087 1785 1158 adversosreprimunt‚pressuramanimre

74 1153 329 1226 perlectajustitia
343 1154 488 1209 est.Uude
504 1155 584 1208 enim
596 1156 799 1226 quorumdaiii
812 1156 904 1212 devo·
958 1155 1105 1221 uulcruut,
1122 1157 1198 1213 sicut
1218 1161 1260 1214 ait
1283 1159 1427 1215 Dominus
1445 1176 1452 1214 z
1470 1160 1559 1214 Nolite
1578 1159 1662 1215 dediti
1678 1177 1730 1216 esse
1753 1161 1784 1215 in

76 1225 116 1281 tio
133 1226 286 1288 minuitur,
305 1224 374 1279 inde
389 1231 586 1290 augmentum
611 1227 678 1280 lecit
693 1226 782 1282 laude
794 1227 904 1297 dignus
957 1242 1013 1282 nco
1028 1234 1052 1283 et
1066 1229 1191 1299 crepulo,
1207 1246 1239 1285 ne
1252 1238 1402 1300 precentur
1415 1230 1500 1285 cordo
1521 1238 1609 1286 cestra
1626 1232 1705 1304 (Luc.
1722 1248 1782 1298 xxi,

74 1297 192 1352 Tobiae.
222 1296 411 1367 Incpicsninu
428 1295 533 1367 inquit,
550 1296 678 1352 humiliot
692 1300 782 1353 utrum
793 1313 806 1363 ,·
817 1302 843 1353 et
856 1299 904 1370 qui
958 1301 1181 1366 :ilicumeiiiui
1191 1301 1427 1357 animaabesuet
1437 1309 1508 1372 potu
1520 1302 1785 1359 nimioliieritlibe·

73 1367 250 1434 humiliatur,
261 1383 315 1421 nen
336 1373 419 1438 potest
435 1382 544 1422 seruere
553 1367 713 1439 justitium
738 1368 838 1424 Sancti
854 1386 904 1425 au·
957 1377 1032 1432 rata,
1049 1371 1270 1427 tiincsemelius
1283 1376 1476 1443 recognoscit.
1491 1373 1662 1429 sicutenim
1676 1375 1706 1429 in
1718 1390 1785 1446 spe-

75 1445 135 1494 tem
148 1440 246 1495 Tobiae
261 1444 375 1495 erectus
390 1439 429 1494 ad
445 1438 539 1493 Deum
559 1440 691 1501 animus,
712 1455 766 1495 nec
781 1441 904 1511 captivi·
958 1439 1026 1495 culo
1041 1441 1231 1498 sordidonon
1247 1444 1375 1499 setalem
1390 1443 1481 1498 honio
1497 1445 1604 1515 aspicit
1642 1446 1717 1500 uelis
1725 1450 1783 1513 est;

74 1515 138 1590 tate·
149 1509 260 1566 fractus
270 1516 324 1575 est,
339 1509 503 1582 necinopia
511 1509 686 1567 humiliatus
701 1513 788 1583 :quia
797 1518 825 1568 ει
834 1527 903 1568 ccu-
957 1511 999 1566 ita
1013 1518 1041 1567 et
1056 1513 1080 1566 si
1089 1529 1158 1568 esca
1169 1520 1196 1569 et
1209 1515 1333 1585 crapula
1346 1514 1432 1569 luerit
1445 1521 1596 1585 gravatus,
1611 1461 1739 1571 {iterum
1751 1531 1783 1572 se

74 1586 120 1637 tra
131 1580 809 1655 interdictum,occisorumcorporasepulturae
816 1599 902 1639 man·
958 1583 1046 1638 sentit
1069 1599 1162 1656 quam
1175 1591 1228 1640 est.
1254 1588 1334 1642 Tune
1350 1586 1549 1641 exsuscitatur
1562 1585 1664 1651 libido,
1679 1601 1783 1642 accen·

74 1652 176 1719 dabat,
190 1658 219 1708 et
230 1652 267 1707 de
282 1651 333 1708 Dei
344 1653 501 1723 largitione
516 1668 651 1722 securus,
663 1654 700 1709 de
714 1656 780 1725 ipso
794 1655 902 1717 exiguo
956 1653 1099 1720 diturira,
1112 1655 1472 1727 inDamiiiatursupcrbia,
1485 1657 1785 1725 generaturluiiuria.

74 1723 245 1779 misericors
269 1729 341 1788 erat,
358 1726 456 1780 sciens
483 1724 561 1779 hanc
577 1726 674 1797 magis
696 1725 812 1795 placere
841 1724 901 1781 Deo
957 1726 1225 1796 Unueaposiolus:
1240 1727 1341 1791 Nolite,
1352 1727 1400 1790 ait,
1410 1727 1545 1783 inebriari
1559 1730 1632 1793 uiuo,
1641 1729 1671 1782 in
1685 1744 1735 1799 qiic
1747 1733 1785 1783 est

74 1794 311 1850 inisericordiam
336 1810 404 1866 quie
419 1795 457 1850 dc
480 1795 588 1866 exiguo
603 1796 634 1852 lit
655 1815 662 1865 ;
679 1798 754 1852 sicut
769 1803 797 1852 et
811 1796 902 1852 vidua
956 1794 1066 1851 turario
1082 1796 1195 1867 (Epiros.
1211 1814 1238 1861 v,
1257 1798 1312 1868 18).
1327 1799 1411 1863 Quod
1429 1799 1453 1853 si
1484 1804 1682 1869 temperatum
1697 1798 1785 1855 luerit

73 1866 124 1922 ille
137 1865 213 1932 lecit,
229 1881 323 1938 quani
340 1867 482 1922 Dominus
495 1868 524 1922 iu
546 1867 705 1936 Evangelio
721 1866 901 1923 collaudavit
955 1882 1064 1938 corpus
1081 1867 1257 1940 interposito
1270 1869 1396 1939 jejunio,
1414 1869 1584 1938 cognitione
1599 1869 1645 1924 sui
1663 1885 1729 1925 rece
1756 1875 1785 1925 ta

73 1937 152 2009 (Luc.
166 1953 223 2002 ιιι,
250 1937 307 2009 i—i)
335 1938 385 1993 llic
400 1939 480 1993 euim
497 1953 563 1993 vere
592 1938 689 1993 tidelis
705 1946 760 2004 est,
776 1939 900 1995 hicnon
955 1939 1058 1994 anima
1069 1938 1205 2009 intelligit
1219 1956 1280 2011 qua
1294 1940 1453 1995 devotione
1467 1939 1592 2010 obsequi
1608 1940 1717 1997 debeat
1733 1885 1785 1996 fie-

73 2009 241 2066 dubitatde
257 2008 412 2079 promissis
440 2008 502 2075 Dei,
522 2009 628 2081 quide
653 2025 748 2081 parvo
765 2010 897 2080 largitur.
954 2009 1114 2080 demptori.
1130 2010 1236 2078 llagna
1256 2027 1327 2080 ergo
1347 2017 1482 2082 exparte
1504 2010 1619 2081 jejunia
1648 2016 1718 2067 sunt
1732 2026 1784 2067 ne·

71 2079 133 2161 Spe
143 2094 214 2150 ergo
229 2078 398 2136 futurorum
411 2081 644 2136 animumsuum
660 2081 899 2147 consolans,Deo
953 2082 1092 2136 cessaria.
1104 2080 1167 2136 Sub
1185 2082 1286 2138 Esther
1311 2082 1420 2138 etenim
1438 2082 1542 2152 regina
1555 2098 1625 2137 cum
1639 2082 1782 2139 iudaicus

72 2150 191 2207 dicatus
204 2151 310 2207 Tobios
327 2150 533 2207 intentatione
557 2151 699 2207 robustus
714 2159 742 2207 et
752 2152 835 2208 fortis
849 2154 899 2207 in·
952 2152 1084 2223 populus
1099 2152 1128 2206 in
1149 2153 1283 2224 periculo
1297 2153 1414 2225 positus
1438 2159 1527 2218 esset,
1541 2152 1664 2224 jejuniis
1679 2152 1783 2210 suffra·

73 2227 180 2279 ventus
195 2229 251 2289 est,
267 2222 428 2278 ostendens
444 2221 657 2278 inneecssilate
672 2222 740 2295 plus
756 2224 785 2278 iu
803 2223 852 2278 Dei
867 2223 898 2278 ti·
953 2223 1091 2292 gentibus
1106 2224 1248 2280 liberatus
1264 2230 1309 2279 est
1321 2224 1448 2296 (Estlier.
1466 2239 1505 2291 ir,
1529 2228 1581 2290 lb).
1599 2226 1631 2280 Et
1647 2225 1782 2281 Ninivitas

72 2309 156 2350 more
172 2292 357 2363 vigilandum
375 2310 383 2359 3
398 2294 500 2366 quiesi
518 2296 678 2350 necessitas
691 2294 730 2350 ad
750 2294 800 2350 Dei
817 2294 898 2350 anxi·
952 2308 1022 2349 cum
1032 2295 1196 2350 eversionis
1210 2311 1273 2351 sure
1281 2295 1494 2422 tpruiscriptum
1508 2294 1588 2351 diem
1602 2311 1620 2353 a
1635 2312 1689 2366 pro
1713 2296 1783 2353 heta

71 2364 146 2420 lium
161 2379 221 2421 ueri
235 2365 369 2435 impellit,
384 2372 498 2438 quanto
514 2365 611 2435 magis
632 2366 775 2421 securitas
790 2364 804 2418 ‘l
823 2365 896 2421 Certi
952 2364 1117 2430 audissent,
1127 2366 1278 2437 jejunioiu
1303 2368 1360 2422 icto
1373 2366 1497 2423 evadere
1509 2372 1680 2422 meruerunt
1692 2311 1783 2437 flente

72 2451 144 2507 ergo
160 2436 254 2492 sancti
270 2436 326 2491 viri
363 2437 422 2492 uod
450 2435 527 2491 Deus
546 2436 694 2507 judicium
718 2437 773 2492 sibi
793 2451 897 2493 eorum
952 2450 990 2499 iii,
1008 2437 1048 2506 l).
1066 2436 1179 2507 Etjusii
1199 2453 1235 2493 nc
1251 2437 1403 2509 Prophetae
1423 2437 1525 2505 nostri,
1542 2437 1666 2508 quando
1682 2453 1701 2493 a
1720 2438 1781 2495 Deo

73 2508 211 2563 omnium
227 2522 295 2579 quae
311 2509 340 2563 ιιι
377 2523 412 2564 οε
427 2508 541 2562 mundo
561 2508 646 2572 liunt,
662 2508 819 2579 exceperit,
846 2509 898 2564 tri·
951 2506 1066 2578 aliquid
1079 2508 1238 2580 impetrare
1250 2507 1779 2590 volebant,jejuniosehumiliahant,

71 2578 242 2635 halationes
252 2583 282 2634 ει
295 2579 408 2635 damna
421 2577 572 2650 etreliqua
582 2579 670 2634 exitia
684 2581 728 2635 rel
743 2583 898 2635 contume·
951 2576 1067 2634 dicente
1078 2578 1181 2645 David,
1204 2579 1236 2634 ln
1243 2580 1356 2651 jejunio
1369 2579 1548 2635 humiliabam
1558 2580 1679 2635 animem
1696 2596 1782 2635 nicom

72 2649 140 2714 lias,
151 2665 211 2706 non
225 2654 340 2706 tantum
356 2665 500 2720 nonoegre
515 2649 655 2715 tulerunt,
675 2649 728 2705 sed
741 2653 769 2705 et
779 2657 898 2718 gratari·
952 2648 1037 2717 (Prot.
1062 2665 1160 2717 xxxiv,
1183 2649 1237 2721 it).
1252 2653 1325 2706 Nam
1352 2657 1380 2706 et
1396 2649 1541 2713 Salvator,
1558 2652 1605 2706 cui
1631 2666 1708 2724 opus
1720 2666 1781 2706 non

71 2725 117 2778 ter
132 2727 334 2793 acceperunt:
355 2722 431 2777 sicut
454 2728 483 2776 et
497 2722 589 2776 nostri
604 2721 743 2792 apostoli,
759 2721 809 2793 qui
827 2721 896 2776 cresi
952 2725 1025 2783 erat,
1041 2720 1171 2776 utnobis
1184 2736 1268 2776 exem
1294 2721 1353 2776 lum
1374 2720 1470 2790 daret,
1497 2722 1646 2792 jejunavit
1669 2721 1782 2804 (uuit.

70 2792 175 2863 gavisi
199 2797 278 2857 sunt,
305 2792 377 2863 quia
396 2791 479 2862 digni
506 2791 598 2847 habiti
611 2798 679 2848 sunt
703 2807 755 2872 pro
775 2793 897 2849 nomine
952 2805 991 2871 ir,
1007 2791 1046 2861 ιι.
1061 2791 1164 2872 ltaque
1181 2792 1252 2846 nulli
1265 2738 1391 2848 dubium
1414 2798 1458 2848 est
1474 2793 1614 2916 prodesse
1638 2793 1779 2863 jejunia:

71 2863 179 2920 Christi
194 2862 406 2920 contumeliam
421 2862 481 2935 peti
494 2864 570 2932 (Act.
583 2879 611 2929 r,
622 2863 676 2932 ιι).
694 2863 805 2919 lndicia
817 2863 896 2918 enim
953 2877 996 2917 sic
1011 2868 1119 2917 etenim
1135 2864 1264 2918 ostendit
1278 2880 1309 2918 se
1326 2864 1418 2918 hoino
1435 2863 1477 2918 vel
1490 2877 1505 2918 e
1523 2862 1683 2935 impetrare
1698 2862 1782 2934 quod

71 2935 246 2992 meritorum
258 2933 520 2991 futurorumexitia
532 2940 611 2998 sunt,
625 2950 693 3016 quia
705 2933 899 3005 injustciiiint
952 2933 1093 3004 postulat,
1110 2949 1178 2988 cum
1193 2950 1225 2989 se
1240 2932 1344 3005 ailligit
1362 2933 1485 3004 jejunio.
1501 2934 1584 2990 Unde
1597 2933 1710 2989 dictum
1726 2939 1780 3003 cst,

71 3005 220 3072 fidelibus,
236 3006 299 3061 sive
319 3006 349 3061 in
366 3004 608 3062 tribulationibus
623 3021 684 3061 sive
699 3005 729 3061 in
742 3009 899 3060 contume·
953 3005 1031 3059 Boua
1045 3010 1082 3059 est
1097 3005 1186 3060 cintic
1198 3021 1256 3060 cuni
1267 3002 1374 3076 jejunio
1389 3004 1464 3075 (Tuli.
1482 3020 1531 3069 xii,
1549 3005 1587 3076 8).
1609 3006 1644 3061 Ut
1658 3019 1727 3062 acce
1752 3008 1782 3061 ta

69 3077 131 3134 liis.
143 3079 244 3150 ltaque
260 3076 289 3132 in
303 3080 421 3133 tantum
437 3076 498 3132 Deo
510 3076 622 3149 placuit
632 3075 854 3147 iustuslcbias,
867 3080 900 3131 iit
952 3088 1024 3143 ergo
1038 3076 1132 3157 possit
1145 3091 1210 3131 esse
1220 3076 1327 3142 oratic,
1345 3075 1528 3130 consortium
1542 3076 1602 3131 vult
1614 3091 1716 3132 secum
1727 3021 1783 3131 Ea·

71 3147 184 3220 duplici
207 3162 314 3218 genere
332 3148 507 3204 meritorum
523 3163 648 3205 sucrum
665 3152 899 3219 consequeretur
951 3144 1022 3201 bere
1033 3146 1140 3216 jejunii
1156 3149 1177 3204 ¹.
1192 3148 1224 3202 Et
1236 3147 1309 3219 quia
1322 3144 1393 3201 nihil
1409 3145 1517 3201 horum
1532 3146 1595 3202 sine
1608 3147 1718 3229 pietate
1731 3145 1783 3202 lir-

72 3220 242 3276 mercedem
263 3224 315 3276 :et
329 3220 360 3275 in
387 3219 526 3291 praesenti
541 3220 621 3275 enim
643 3218 725 3292 quod
747 3219 896 3285 amiserat,
954 3232 1038 3273 muni
1057 3224 1114 3285 cst,
1130 3217 1250 3289 adjecit,
1275 3219 1313 3273 iii
1341 3216 1504 3288 eleemosyna
1528 3233 1585 3271 cuin
1599 3218 1714 3289 justitie
1729 3233 1739 3272 .·
1751 3220 1783 3274 ut

71 3291 206 3347 ministro
221 3289 327 3361 angelo
343 3291 529 3362 recuperarit
551 3290 665 3356 lumen,
680 3306 715 3346 ac
729 3289 840 3346 ditatus
855 3295 900 3346 est
953 3287 1146 3361 eleemosyna
1168 3294 1286 3345 servata
1307 3288 1434 3360 justitia,
1460 3289 1651 3344 commendet
1673 3287 1783 3345 oratic·

72 3364 164 3418 etiam
179 3361 273 3432 copiis
285 3377 354 3434 quie
366 3361 406 3417 ad
420 3368 600 3435 praesentem
615 3362 763 3434 pertinent
780 3362 872 3418 ritem
888 3377 897 3428 ;
952 3375 1021 3416 nem
1033 3376 1102 3416 cum
1114 3359 1240 3442 Jejunio.
1258 3361 1389 3432 Denique
1402 3360 1569 3415 orationem
1584 3363 1612 3414 et
1627 3357 1780 3430 jeJ'unium

71 3438 100 3489 et
115 3432 254 3490 inluturo
269 3433 364 3488 haeres
379 3433 463 3502 regni
478 3433 619 3490 caelorum
633 3440 677 3489 est
688 3432 787 3489 lactus
802 3450 809 3488 :
827 3433 899 3488 utin
953 3431 1077 3487 Cornelii
1104 3431 1308 3488 misericordia
1335 3430 1568 3487 commendavit.
1595 3431 1662 3503 lpse
1699 3430 1780 3487 enim

71 3503 129 3560 hcc
144 3504 320 3560 doceremur
333 3504 404 3576 quia
415 3506 466 3576 qni
481 3511 542 3562 toto
558 3504 648 3562 eorde
663 3504 899 3575 Dellegiobtem·
953 3501 1114 3559 abundans
1127 3519 1162 3559 co
1187 3504 1224 3558 iis
1237 3509 1259 3568 ¹,
1268 3501 1441 3575 jejunabat;
1453 3501 1505 3557 sed
1521 3505 1550 3557 ει
1564 3516 1624 3558 non
1635 3499 1781 3557 hahentes

71 3581 168 3648 perat,
184 3591 238 3631 nec
253 3576 290 3630 de
316 3574 472 3647 promissis
487 3576 614 3645 dubitat,
628 3581 656 3631 et
674 3576 703 3632 iii
720 3575 776 3632 hoc
789 3575 898 3631 saeculo
953 3574 1105 3647 pascebat,
1120 3579 1152 3630 ut
1161 3519 1279 3630 filorum
1291 3573 1430 3631 saturitas
1435 3573 1584 3655 jejunium
1595 3573 1659 3644 ejus
1672 3571 1781 3629 laceret

71 3647 250 3718 copinsejus
266 3662 344 3718 saepe
366 3650 456 3716 auget
478 3647 555 3702 Deus
569 3649 589 3714 ¹,
606 3655 634 3703 ει
647 3648 677 3702 ιιι
695 3647 794 3703 luturo
806 3647 900 3702 donat
953 3645 1145 3717 acceptabile.
1159 3644 1313 3702 Nonnullis
1329 3660 1400 3714 ergo
1417 3644 1539 3713 indiget,
1562 3649 1591 3699 et
1623 3642 1781 3700 nonnullis

72 3718 158 3774 illum
174 3720 235 3774 rita
249 3724 370 3773 aeterna.
387 3717 537 3774 listellam
566 3718 644 3775 aliud
659 3719 740 3790 quod
758 3733 812 3774 nos
827 3717 899 3773 inri-
953 3732 1053 3773 carere
1065 3716 1154 3773 debet
1166 3717 1327 3789 jejunium,
1347 3723 1378 3773 ut
1393 3716 1486 3787 possit
1502 3715 1608 3772 mereri
1619 3714 1702 3787 qnod
1713 3729 1780 3787 pos·

73 3793 115 3846 tat
128 3789 167 3844 ad
182 3788 283 3844 divina
299 3789 455 3860 obsequia.
473 3790 689 3847 Sanctuscnim
712 3789 820 3846 'lobias
839 3804 898 3845 non
955 3786 1040 3843 tulnt.

73 3860 171 3916 solum
187 3859 308 3931 justitia
330 3876 393 3915 sure
417 3861 521 3916 merita
542 3867 721 3917 consecutus
746 3867 791 3917 est
807 3882 813 3926 ;
829 3861 900 3932 quia
1166 3874 1236 3915 isus
1251 3874 1283 3914 rr
1296 3873 1397 3914 enoris
1413 3872 1528 3914 riscus
1543 3857 1565 3912 ⁸.

73 3931 189 3988 accedit
203 3932 241 3987 ad
253 3931 409 3988 cumulum
424 3932 527 3997 gloriae
542 3933 618 4005 ejus,
634 3933 723 3988 etiam
738 3948 775 3988 ex
795 3947 899 3987 eorum
989 3930 1064 3986 Clllll
1080 3928 1131 3999 (a).
1148 3960 1181 3971 —
1197 3931 1219 3985 0
1243 3936 1382 3986 sanctum
1402 3933 1430 3984 et
1446 3929 1609 3985 salutarem
1631 3926 1711 3983 diem
1727 3926 1781 3985 Pa·

73 4002 227 4074 bonisqui
239 4003 399 4059 imitatores
415 4003 480 4073 ejus
495 4003 634 4059 existunt.
652 4004 683 4058 ln
699 4003 899 4059 imitatoribus
953 4000 1028 4066 clue,
1054 4006 1082 4055 ct
1110 4001 1193 4057 cnini
1221 3999 1310 4057 leude
1336 3999 1574 4071 praedicandum,
1600 4013 1663 4072 que
1695 4015 1781 4055 mors

72 4074 155 4130 enini
170 4072 304 4146 exeiupla
316 4073 486 4131 laudantur.
501 4074 586 4131 Auod
600 4074 688 4131 nobis
701 4089 823 4147 quoque
844 4089 899 4147 po-
953 4070 1070 4128 devicta
1081 4076 1135 4138 cst,
1155 4071 1277 4129 diabolo
1297 4086 1424 4143 regnum
1447 4071 1595 4134 ablatum,
1609 4085 1782 4127 sacramen·

72 4145 139 4202 terit
154 4144 319 4217 provenire,
344 4146 369 4200 si
385 4145 426 4200 sic
441 4146 614 4210 vixerimus,
632 4151 663 4203 ut
677 4145 803 4216 dignum
820 4146 857 4202 sit
870 4149 900 4201 ct
954 4149 1017 4198 tum
1034 4143 1084 4199 Dei
1099 4144 1335 4209 manifestatum,
1351 4144 1503 4199 decretum
1516 4141 1599 4215 quod
1619 4141 1779 4197 adversum

72 4231 132 4272 nos
147 4216 312 4273 imitatores
327 4215 448 4274 habere.
953 4228 1008 4269 nos
1032 4218 1105 4280 erat,
1130 4220 1331 4281 evacuatum;
1355 4213 1456 4271 tartari
1480 4211 1777 4293 januaeconirnactie,

401 4304 434 4341 ns
451 4304 565 4343 imario.
953 4285 1042 4341 vincti
1058 4286 1157 4352 soluti,
1172 4285 1265 4342 clausi
1279 4285 1410 4352 remissi,
1420 4285 1488 4339 creci
1504 4283 1674 4349 illuminati,
1686 4296 1779 4353 impe·

108 4357 174 4414 cxx
188 4356 238 4428 (a).
266 4388 299 4397 -
320 4357 490 4430 congruum
513 4366 567 4426 est,
584 4359 689 4415 fratres
717 4357 896 4425 charissimi,
953 4355 999 4411 riti
1012 4357 1137 4413 scientia
1149 4354 1428 4428 donati,impiilacti
1442 4351 1779 4425 misericordes,iniquis

68 4427 261 4483 devotissime
275 4428 324 4484 Dei
340 4430 525 4486 sacerdotem
540 4435 570 4486 et
593 4431 787 4502 prepositum
802 4427 899 4500 plebis
952 4431 982 4483 et
996 4426 1114 4500 injustis
1126 4433 1316 4499 peccatorum
1337 4427 1408 4483 data
1424 4425 1570 4489 remissio,
1586 4423 1777 4479 inimicorum

70 4497 190 4565 Christi,
207 4499 356 4555 exhortari
365 4501 510 4572 populum
531 4502 588 4557 sub
604 4516 677 4558 cura
691 4516 746 4557 sua
765 4501 898 4573 positum
953 4499 1161 4563 reconciliatio,
1181 4498 1287 4554 erroris
1300 4497 1481 4562 emendatio,
1503 4495 1631 4551 veritatis
1647 4494 1779 4551 declara·

68 4568 99 4626 iii
113 4570 249 4626 doctrina
260 4586 344 4637 sana,
359 4572 436 4627 sicut
454 4572 580 4629 mandat
597 4573 758 4644 Apostolus
780 4573 853 4643 (Tit.
878 4588 896 4640 i,
953 4570 994 4625 tio
1008 4587 1015 4636 ;
1029 4573 1087 4626 Deo
1098 4569 1150 4625 lilii
1160 4585 1196 4624 ει
1209 4568 1330 4639 perditis
1341 4567 1489 4640 acquisiti,
1500 4565 1641 4647 superbia
1653 4565 1777 4648 depres-

67 4642 109 4709 ιι),
124 4647 188 4697 ιιιο
213 4658 247 4696 us
261 4642 340 4705 lidei,
357 4659 412 4714 pro
427 4645 570 4714 temporis
581 4644 803 4709 observatione,
814 4643 898 4700 omni
953 4657 997 4706 sa,
1016 4640 1172 4698 humilitas
1195 4640 1322 4697 exaltata
1344 4658 1351 4709 ;
1373 4654 1522 4712 pauperes
1549 4636 1644 4705 dilati,
1671 4636 1778 4694 divites

67 4727 143 4768 cura
158 4658 386 4785 diiigentinque,
412 4713 501 4770 alacri
524 4722 553 4771 et
566 4716 673 4772 devote
689 4716 791 4772 anime
807 4716 899 4772 lacla-
952 4711 1087 4769 exhausti
1106 4730 1113 4778 ;
1138 4718 1254 4792 montes
1271 4710 1434 4782 deplaneti,
1455 4709 1548 4766 valles
1566 4709 1696 4781 repletae,
1720 4707 1779 4792 col·

67 4799 148 4840 mus.
174 4784 433 4854 Jejuniaetenlm,
480 4802 524 4842 uie
555 4802 635 4842 nunc
658 4787 834 4843 imminente
850 4786 898 4842 die
952 4782 995 4837 les
1026 4789 1164 4855 prostrati
1193 4800 1200 4849 ;
1231 4782 1418 4853 impudentia
1444 4782 1569 4846 calcata,
1599 4779 1779 4836 verecundia

66 4853 143 4910 festo
173 4854 293 4911 Pascua
323 4802 502 4913 celebranda
523 4863 602 4922 sunt,
628 4858 701 4929 quid
728 4857 897 4928 proficiant,
952 4858 1074 4925 compta
1085 4855 1107 4922 ⁴,
1119 4855 1281 4911 animabus
1292 4854 1329 4910 ad
1343 4853 1452 4910 caelum
1463 4853 1534 4910 data
1543 4853 1679 4934 lacultes,
1692 4851 1779 4908 liber·

65 4925 209 4998 quamvis
225 4941 287 4983 non
306 4927 408 4993 lateat,
422 4927 513 4984 taceri
527 4933 628 4983 tamen
642 4944 702 4984 non
711 4928 809 4984 debet.
823 4930 898 4984 tnci·
952 4930 998 4981 tas
1007 4925 1277 4998 reddita,disrupta
1289 4940 1325 4982 ac
1333 4923 1463 4981 resoluta
1471 4929 1628 4997 captivitas
1640 4942 1646 4983 :
1659 4929 1778 4994 torpue-

66 5002 147 5053 tatur
159 4998 238 5053 enirn
254 4998 385 5065 devotio,
399 5001 523 5071 quando
534 5014 570 5054 ea
580 5015 648 5072 qun
663 4999 731 5056 licet
742 5014 802 5056 non
814 4999 897 5069 igno·
951 5002 1020 5053 runi
1031 4997 1168 5064 tenebrae,
1180 4996 1359 5053 contusaest
1370 4996 1493 5060 malitie,
1506 4994 1778 5075 pirritlcetussqua·

65 5072 181 5136 rentur,
208 5077 406 5126 recensentur
428 5074 538 5127 tamen.
558 5070 627 5126 lale
641 5071 722 5127 enim
746 5074 793 5126 est
816 5069 897 5140 inge·
951 5067 1004 5138 lor,
1016 5074 1138 5125 satanas
1149 5069 1281 5125 de'ectus
1298 5069 1449 5135 ;inanitns
1461 5067 1595 5123 internus
1610 5081 1617 5120 ι
1632 5065 1778 5120 Dominus

63 5138 401 5221 niumnaturaencstroe,
419 5146 450 5196 ιιι
463 5147 621 5213 torpescat,
637 5143 660 5198 si
671 5159 743 5198 usus
754 5142 897 5199 destiterit
950 5141 1145 5196 uesterlesus
1165 5138 1186 5196 C
1225 5141 1297 5196 istus
1306 5155 1393 5196 verus
1409 5139 1459 5195 Dei
1472 5137 1560 5194 Filius
1579 5134 1778 5208 approbatus,

62 5210 209 5267 lectionis.
226 5213 301 5278 Quia
327 5212 538 5277 sicutlerrum,
568 5212 624 5268 nisi
658 5229 747 5269 usum
771 5212 857 5269 luerit
872 5215 894 5284 ¹,
1720 5275 1736 5286 Η

64 5283 230 5351 eruginem
255 5289 376 5353 generat
393 5300 400 5348 ;
416 5286 457 5340 ita
473 5283 614 5341 etanima
633 5285 690 5340 nisi
711 5283 895 5356 frequentius
980 5284 988 5315 ¹
1004 5280 1051 5356 llu-
1064 5279 1241 5336 colbertinus,
1256 5280 1377 5329 solatium
1391 5280 1446 5328 unit
1463 5292 1518 5351 son
1536 5276 1628 5326 isim
1639 5276 1745 5349 ieiuna·

63 5352 175 5409 divinis
190 5360 360 5411 exerceatur
374 5353 561 5421 lectionibus,
586 5361 757 5422 nascentur,
774 5355 813 5411 illi
827 5371 894 5429 pec·
979 5346 989 5377 ²
1007 5344 1048 5393 br.
1064 5343 1133 5396 Vm·
1146 5346 1174 5393 ⁰²
1192 5342 1266 5398 We
1282 5341 1536 5415 “bufflmfllllbmv
1551 5353 1595 5389 *θ’*
1607 5353 1697 5399 6091ιῦ
1707 5337 1778 5404 jeju·

63 5429 142 5481 cala.
156 5424 230 5481 llinc
245 5432 288 5481 est
305 5425 384 5482 unde
400 5428 429 5482 in
445 5425 564 5484 Psalmo
580 5427 661 5482 hunc
676 5427 748 5482 dicit
760 5427 893 5494 beatum,
949 5403 1574 5529 ³⁰,ngffigd·’offlffgnffaffifflffifflfoe
1587 5401 1679 5514 ω’,ίέω
1694 5461 1777 5512 editio

64 5496 115 5567 qm
130 5495 179 5551 die
189 5501 277 5553 ¹¹⁰⁰t⁰
292 5513 351 5568 (μω
366 5498 464 5570 ¹ess⁰m
479 5498 597 5555 D⁰mi⁰i
610 5499 863 5570 meditaturffm’
873 5514 894 5566 ¹»
949 5545 1010 5582 nes:
1020 5525 1776 5592 Dsl’ossliots,qucmlciidobilisstqloricsniitsnleutnitat.

96 5592 104 5621 ¹
119 5590 167 5641 tls.
182 5591 361 5652 colbertinus,
375 5609 461 5644 curum
473 5596 526 5659 ejus
536 5595 592 5658 coit
607 5594 680 5645 Deus.
978 5593 1051 5643 ‘ils
1065 5591 1243 5648 colbertinus,
1260 5590 1372 5654 conlcto.
1449 5650 1455 5663 ι

96 5656 106 5687 ¹
122 5653 173 5707 its.
189 5654 367 5714 colbertinus,
376 5657 474 5721 temnit.
991 5662 1016 5711 u)
1032 5655 1148 5705 Deestin
1158 5653 1223 5708 llus.
1239 5652 1351 5704 secundi
1365 5663 1481 5718 generis.

96 5722 134 5779 iu)
151 5716 229 5770 Deest
244 5720 309 5777 llss.
328 5719 441 5772 secundi
452 5720 566 5785 generis.
990 5717 1015 5783 ὁ)
1032 5718 1111 5770 Deest
1126 5717 1155 5769 ln
1170 5716 1266 5768 iisdem
1279 5715 1342 5769 ttss.
