3952 6150
562 217 833 296 OUAESl'lONUM
855 214 1181 291 evidentioribus,
1203 220 1235 281 S.
1259 222 1477 290 AUGUSTlNl

133 235 214 304 teti
1821 235 1898 296 ieta

134 392 200 436 sum
213 373 295 431 iiiam
308 368 422 442 recepit.
438 366 472 424 iu
487 357 624 421 mremis
638 356 718 413 euim
732 356 814 453 terra
837 349 892 408 init
902 349 990 451 irater
1045 362 1111 406 cum
1130 364 1198 409 eum
1214 353 1326 414 sabbati
1343 356 1510 416 violatorem
1527 363 1557 417 ct
1576 361 1792 434 profanatorem
1814 367 1898 439 Legis

136 473 215 523 tous.
231 461 288 519 Sed
303 458 373 518 inde
386 454 480 528 maior
493 447 647 511 exsultatio
671 445 851 502 cantantium
866 440 990 542 ltomrnc
1044 437 1364 538 esistimat,iuoundsrl
1378 447 1472 521 epulis
1483 449 1548 521 ejus
1562 464 1621 508 non
1632 450 1757 511 meruit:
1775 458 1808 512 ut
1821 456 1898 528 quod

54 606 60 613 .
134 554 281 613 canticum
304 563 424 616 novum,
441 544 510 617 quia
531 541 598 599 laus
626 537 690 610 ejus
707 534 743 593 ab
755 534 891 590 extremis
905 532 988 586 terre
1044 534 1095 596 aa,
1109 530 1255 605 Nunquam
1272 536 1371 594 ddisti
1381 539 1452 596 miti
1465 538 1582 609 bedam,
1594 549 1625 598 ut
1640 557 1704 601 cum
1717 546 1816 602 amicis
1830 549 1899 603 οιοίο

132 645 209 720 (lsai.
238 640 436 714 xn11,10);et
463 634 581 707 propter
611 643 679 687 eum
707 624 758 700 qui
786 623 889 680 absens
916 621 987 688 erat,

132 736 247 793 occisus
263 736 307 791 est
321 730 365 789 vir
380 730 409 786 in
431 726 516 800 plaga
536 720 661 796 positus,
681 719 710 775 et
733 714 829 773 scieas
847 711 921 769 terra
935 708 990 766 im·

132 823 320 884 bacillitatem
355 817 406 891 (id.
426 813 550 887 a111.3);
573 809 643 883 quia
664 805 772 880 quibus
798 817 855 860 non
869 803 989 859 estuar-

36 942 41 961 ·
132 919 229 975 retum
250 913 287 971 de
308 926 352 980 ao,
363 909 498 967 viderunt
509 924 517 976 ς
529 906 558 961 et
582 899 631 975 qui
646 913 705 957 non
721 893 886 962 audierunt,
901 887 988 948 intel-

135 1005 268 1064 lexerunt
281 1000 335 1076 (ld.
350 1015 399 1068 au,
411 997 467 1070 15).

168 1095 224 1152 esd
239 1092 410 1165 indignatur
424 1085 513 1144 etiam
527 1099 617 1151 nuno,
633 1082 663 1138 at
675 1078 770 1136 adbuc
785 1088 844 1133 non
857 1069 922 1130 vult
940 1069 987 1128 lu·

134 1185 231 1245 iroire.
244 1183 316 1241 Gum
331 1196 399 1254 argo
415 1174 566 1252 plenitudo
577 1170 715 1230 Gentium
726 1163 889 1236 intraverit,
905 1176 986 1234 egre·

132 1274 403 1346 dieturopportono
413 1272 542 1340 tempore
552 1259 717 1336 patereJ'us,
727 1260 761 1314 ut
774 1254 881 1327 etjam
895 1250 987 1309 omnis

133 1364 222 1425 israel
236 1363 336 1421 salvus
350 1361 420 1417 flat:
437 1357 484 1415 oni
503 1372 538 1413 ex
561 1356 643 1428 parte
662 1349 776 1408 cecitas
792 1347 868 1402 iacta
881 1347 928 1401 eat
940 1357 988 1400 ae·

131 1456 177 1514 lut
199 1452 332 1512 absentia
359 1451 389 1507 in
418 1463 498 1521 agro,
514 1446 607 1502 donec
621 1438 771 1514 plenitudo
793 1435 845 1493 iilii
865 1433 986 1491 minoris

133 1546 219 1620 longe
230 1543 261 1601 in
276 1539 441 1601 idololatria
448 1536 585 1596 Gentium
597 1529 747 1592 constituti
757 1528 849 1585 redux
859 1525 895 1583 ad
906 1540 987 1581 ruan-

132 1635 300 1695 ducandum
313 1630 439 1691 vitulum
454 1630 576 1687 intraret
591 1627 677 1696 (Rom.
691 1639 731 1689 ιι,
751 1620 807 1694 25).
823 1617 885 1676 llrit
907 1616 987 1676 enim

132 1726 310 1801 quandoque
340 1726 442 1796 aperte
471 1717 583 1776 vocatio
609 1714 775 1773 iudaeorum
804 1710 835 1767 iu
862 1707 986 1766 salutem

131 1815 291 1891 Evangelii.
313 1816 406 1882 Quam
430 1804 692 1867 manifestationem
719 1798 892 1870 vocationis,
920 1803 987 1855 tan·

130 1922 220 1980 quam
239 1918 390 1978 egressum
420 1899 510 1974 patris
526 1894 651 1971 appellat
665 1892 701 1951 ad
721 1890 883 1964 rogandum
898 1889 989 1961 majo·

137 2012 198 2055 rem
214 1995 320 2052 fliium.

169 2085 278 2143 caindo
288 2099 352 2155 que
365 2081 521 2155 respondet
531 2078 608 2136 idom
620 2078 712 2150 maior
723 2077 813 2146 illius,
822 2077 896 2133 duas
909 2090 988 2146 que·

133 2174 245 2235 stiones
259 2172 369 2230 habent
385 2169 549 2243 :quomodo
559 2165 693 2224 videlicet
702 2166 863 2239 accipiatur
877 2163 926 2221 iile
936 2179 987 2237 po·

134 2263 224 2341 putus
238 2276 391 2334 uunquam
403 2259 576 2316 mandatum
590 2255 642 2312 Dei
652 2254 826 2327 praeteriisse
836 2274 844 2323 ;
856 2256 885 2311 οι
899 2268 987 2326 quem

134 2356 213 2412 diost
227 2351 344 2412 hedum
356 2363 445 2421 quem
461 2360 612 2418 nunquam
623 2343 744 2417 accepit,
761 2346 871 2401 uicum
885 2343 988 2400 amicis

130 2443 193 2502 suis
216 2439 395 2514 epularetur.
416 2436 472 2495 Sed
492 2433 686 2492 demandato
710 2448 768 2490 nou
784 2435 986 2506 pretergressa

131 2530 216 2590 tacils
236 2529 308 2588 illud
323 2526 460 2593 occurrit,
471 2539 565 2597 neque
581 2524 617 2581 de
632 2522 712 2579 omni
728 2523 864 2579 mandato
874 2521 987 2580 dictum

131 2636 207 2689 asse,
224 2618 277 2677 sed
300 2618 336 2673 ds
361 2632 419 2674 uno
442 2613 568 2671 maxime
594 2610 769 2681 necessario,
790 2627 847 2684 quo
871 2611 986 2668 nulium

134 2715 225 2767 Deum
241 2707 332 2764 alium
347 2708 451 2780 preter
461 2718 552 2760 unum
568 2701 732 2760 Creatorem
747 2701 878 2759 omnium
894 2700 987 2758 coiere

128 2801 234 2874 jussus
258 2801 302 2855 est
325 2795 420 2867 (daed.
446 2811 492 2863 xx,
504 2792 532 2866 3)
546 2809 553 2848 :
570 2807 663 2863 neque
678 2791 735 2848 iste
749 2790 828 2848 illius
847 2792 877 2849 in
892 2792 988 2849 omni-

133 2892 188 2947 bus
202 2885 350 2954 israelitis,
362 2884 412 2942 sed
425 2882 454 2941 in
466 2882 513 2938 bis
523 2881 697 2954 intelligitur
707 2880 813 2939 babere
821 2897 988 2953 personam,

1042 617 1192 717 epularer:
1206 622 1265 681 tale
1280 623 1318 682 sit
1331 642 1364 683 ac
1374 627 1412 684 sit
1423 628 1542 699 diceret,
1558 646 1626 688 eum
1641 631 1689 704 qui
1705 632 1779 690 mibi
1795 634 1898 693 hoedus

1041 705 1203 779 videbatur,
1217 728 1367 788 nunquam
1388 716 1495 775 dedisti
1516 718 1589 776 mihi
1606 720 1642 777 ad
1657 722 1847 795 epulandum,
1864 741 1897 783 eo

1041 792 1187 867 ipsomibi
1202 799 1285 858 iiinm
1297 803 1395 877 ipsum
1411 820 1469 863 non
1492 807 1663 879 concedens,
1680 826 1735 883 quo
1751 811 1822 869 mibi
1837 788 1897 869 bar·

1041 883 1096 942 dus
1119 886 1280 949 videbatur.
1309 895 1389 961 Quod
1418 899 1518 954 autem
1533 897 1615 970 dicit,
1630 915 1693 957 cum
1706 903 1804 958 amicis
1818 905 1897 976 meis,

1041 978 1134 1033 sutex
1148 993 1274 1051 pareone
1288 983 1457 1059 principum
1471 1002 1538 1045 cum
1548 987 1632 1061 plebe
1647 988 1831 1064 intelligitur,
1848 1000 1897 1051 aui

1041 1081 1076 1123 ex
1090 1081 1215 1140 persona
1243 1074 1344 1146 popuii
1367 1076 1602 1152 ierosolymlisni
1624 1095 1691 1137 cum
1717 1082 1826 1140 ceteris
1846 1101 1897 1156 po-

1041 1155 1217 1230 puiisiuds.
1232 1159 1400 1223 Meretrices
1415 1174 1511 1225 autem
1531 1183 1597 1227 cum
1613 1169 1722 1243 quibus
1736 1171 1896 1246 dissipasse

1042 1246 1237 1308 substantiam
1266 1270 1351 1311 suam
1372 1255 1452 1314 tilius
1466 1257 1567 1330 iunior
1580 1264 1734 1318 accusatae
1749 1267 1804 1330 est,
1821 1268 1897 1321 recte

1040 1333 1247 1411 intelliguntur
1260 1345 1491 1419 superstitiones,
1508 1346 1607 1405 relicto
1621 1365 1680 1407 uno
1695 1352 1840 1410 connubio
1856 1353 1896 1411 le·

1041 1425 1143 1499 gitimo
1158 1431 1237 1487 verbi
1248 1432 1309 1505 Dei,
1329 1451 1396 1492 cum
1421 1436 1504 1495 turba
1519 1439 1726 1497 demoniorum
1737 1442 1897 1515 cupiditate

1041 1516 1213 1589 turpissima
1225 1521 1372 1582 iornicsri.

1077 1616 1151 1683 Quid
1167 1619 1340 1682 deindesibi
1362 1626 1425 1684 vuit
1450 1627 1611 1701 quodcum
1626 1634 1709 1703 pater
1722 1632 1841 1700 diceret,
1860 1635 1895 1690 iu

1040 1725 1147 1767 mecum
1173 1729 1202 1768 rs
1227 1730 1344 1789 semper,
1360 1719 1439 1791 quod
1457 1719 1522 1791 jam
1533 1724 1754 1792 tractaturum,
1771 1725 1894 1795 addidit,

1041 1798 1180 1857 stomata
1194 1818 1255 1860 meu
1272 1808 1319 1862 tun
1334 1815 1397 1864 sunt
1411 1811 1424 1862 t
1442 1808 1505 1873 Qua
1520 1810 1549 1868 in
1574 1825 1605 1867 re
1626 1813 1720 1883 primo
1735 1814 1895 1871 cavendnm

1041 1892 1085 1946 est
1099 1905 1136 1947 ne
1146 1890 1291 1966 inteiligas
1302 1895 1344 1952 ita
1353 1895 1476 1966 dictum,
1487 1901 1579 1955 omnio
1589 1915 1650 1956 meu
1661 1908 1710 1958 tuo
1723 1910 1800 1970 suot,
1812 1905 1895 1976 quasi

1042 1995 1099 2036 non
1115 1980 1173 2036 sint
1188 1985 1216 2038 et
1230 1980 1340 2054 fratris,
1352 1989 1385 2041 ut
1398 1988 1537 2059 tanquam
1553 1989 1582 2045 iu
1593 1994 1707 2047 terrena
1716 1990 1894 2065 hereditate,

1042 2067 1162 2140 patiaris
1176 2071 1340 2145 angustias,
1350 2077 1495 2146 quomodo
1505 2077 1795 2150 possintomniaesse
1806 2082 1896 2154 majo·

1041 2157 1094 2228 ris,
1108 2158 1135 2215 si
1150 2160 1235 2218 babet
1248 2160 1288 2219 ibi
1299 2163 1387 2222 etiam
1398 2166 1500 2239 junior
1520 2172 1631 2241 partem
1648 2184 1742 2226 suam
1757 2171 1891 2228 Sicorim

1042 2264 1059 2304 a
1073 2249 1211 2323 perlectis
1225 2256 1253 2310 et
1269 2257 1462 2330 perpurgatis,
1478 2273 1512 2317 ao
1523 2259 1585 2331 jam
1598 2260 1813 2320 immortalibus
1824 2262 1893 2321 tiliis

1041 2338 1189 2399 habentur
1197 2343 1306 2414 omnia,
1322 2349 1355 2403 ui
1368 2347 1427 2404 sint
1436 2350 1464 2404 st
1474 2348 1605 2406 omnium
1620 2349 1747 2423 singula,
1760 2352 1894 2409 etomnia

1042 2429 1233 2502 singulorum.
1246 2430 1282 2490 Ut
1292 2434 1369 2491 euim
1378 2437 1524 2509 cupiditas
1535 2438 1609 2495 nibil
1623 2439 1687 2496 sinc
1696 2441 1843 2513 angustia,
1854 2441 1894 2497 ita

1042 2518 1895 2603 nibilcumaugusiiachsritnstenet.Sedquomodooruuiat

1040 2610 1116 2669 Num
1140 2616 1169 2671 et
1193 2613 1331 2686 Angelos,
1347 2615 1387 2673 alt
1407 2615 1526 2690 aliquis,
1542 2622 1570 2675 ct
1599 2619 1725 2678 Virtutes
1748 2620 1892 2679 sublimes

1041 2716 1075 2759 ac
1090 2704 1262 2777 Potestates‚
1278 2713 1364 2779 atque
1375 2706 1508 2765 universa
1523 2707 1651 2766 notastis
1664 2709 1713 2768 ilci
1730 2710 1893 2768 ministeris

1041 2791 1118 2851 Deus
1133 2795 1163 2850 in
1183 2795 1399 2866 possessionem
1428 2796 1478 2854 tali
1498 2796 1558 2853 illio
1573 2798 1892 2873 subiecisseputandus

1041 2879 1110 2938 esti
1124 2880 1153 2936 Si
1176 2881 1393 2954 possessionem
1408 2883 1450 2942 sic
1470 2884 1606 2958 accipias,
1623 2888 1726 2960 utcjus
1741 2903 1893 2960 possessor

131 2979 182 3053 qui
197 2991 350 3050 nunquam
365 2975 401 3031 ab
411 2972 536 3030 unoDeo
548 2971 582 3028 ud
593 2970 752 3028 simulacra
763 2972 894 3029 conversi
906 2978 986 3031 sunt.
1041 2968 1104 3043 lpse
1118 2969 1383 3041 sitdominus3non
1394 2975 1610 3048 utiqneomnia.
1620 2976 1769 3034 Noneoim
1779 2977 1893 3033 domini

131 3069 304 3141 Quanquam
320 3063 399 3122 enim
419 3066 560 3135 tanquam
576 3059 605 3116 in
625 3074 693 3133 agro
708 3059 823 3133 positus
838 3060 895 3119 iste
909 3061 989 3120 iliius
1041 3063 1138 3131 eruat,
1163 3061 1215 3118 scd
1232 3065 1380 3120 consortes
1404 3064 1501 3136 potius
1520 3064 1709 3138 Angelorum,
1730 3066 1893 3139 dequibus

132 3164 246 3215 terrens
268 3152 458 3219 desideraret,
478 3150 514 3208 ab
538 3165 598 3207 uno
621 3153 717 3206 tamen
733 3147 792 3206 Deo
806 3147 864 3206 ista
878 3149 989 3207 deside·
1041 3149 1152 3207 dictum
1178 3155 1234 3223 est,
1250 3152 1337 3209 Erunt
1364 3154 1482 3226 epactes
1504 3154 1614 3225 tapetis
1628 3155 1678 3213 cet
1695 3155 1806 3228 (liciti.
1822 3172 1892 3225 sarr,

134 3238 989 3316 rabatbona,quamsiscommuuiacumpecoribus.Unde
1041 3240 1098 3311 30).
1114 3241 1164 3297 Sin
1192 3257 1261 3299 vero
1283 3243 1429 3315 possessio
1456 3244 1500 3301 sio
1531 3245 1714 3317 intelligitur,
1744 3247 1893 3319 quomodo

25 3385 29 3393 .
135 3335 167 3394 ln
182 3334 296 3394 Psalmo
312 3350 346 3391 ex
367 3346 490 3406 persona
503 3330 673 3401 synogoga,
690 3328 767 3402 quod
783 3327 988 3402 interpretatur
1042 3338 1118 3388 recte
1132 3329 1259 3388 dicimus
1275 3332 1422 3405 possidere
1432 3334 1547 3392 animas
1560 3334 1708 3394 veritatem
1727 3353 1801 3407 ;non
1816 3336 1894 3394 iuve-

133 3424 245 3499 Asaph,
260 3421 463 3482 convenienter
485 3418 628 3491 accipitur
655 3417 776 3487 dictum,
799 3419 884 3488 Quasi
908 3436 989 3493 pecus
1042 3419 1091 3478 uio
1106 3437 1159 3478 cur
1173 3437 1230 3478 nou
1241 3437 1308 3478 vere
1322 3437 1356 3481 ac
1371 3422 1625 3497 proprieaccipere
1636 3426 1894 3497 possimusomnia

128 3519 220 3592 {wius
242 3532 303 3575 sum
328 3514 364 3573 ud
387 3521 422 3582 tc,
447 3519 475 3569 at
489 3526 537 3583 epo
560 3525 668 3583 semper
681 3517 770 3567 ecum
789 3509 875 3582 (Psoi.
900 3527 988 3579 cxxii,
1042 3525 1107 3583 qua
1123 3509 1283 3569 dictasunt
1298 3513 1407 3570 omnia.
1423 3512 1486 3571 Non
1501 3513 1662 3572 enimlllud
1677 3515 1718 3573 its
1731 3516 1892 3589 loquimur,

127 3609 190 3682 33).
206 3606 285 3674 Quod
297 3605 385 3665 stiam
406 3600 497 3676 patris
519 3600 611 3674 ipsius
634 3598 802 3658 testimonio
817 3602 989 3674 comproba·
1042 3604 1075 3658 ut
1088 3598 1223 3658 dominas
1238 3600 1368 3659 veritatis
1395 3600 1529 3661 dicamus
1557 3603 1682 3673 animas,
1699 3622 1787 3679 quam
1800 3607 1836 3664 ab
1850 3607 1893 3664 eis

131 3701 190 3760 tur.
208 3712 276 3754 cum
291 3695 375 3766 dicit,
392 3695 430 3750 lc
444 3708 549 3750 mecum
563 3706 591 3748 es
605 3705 721 3763 sempor.
735 3687 798 3746 Non
814 3689 892 3748 enim
903 3691 987 3764 quasi
1041 3690 1167 3747 dicimus
1186 3689 1341 3763 possideri.
1368 3691 1426 3748 Aut
1454 3691 1479 3748 si
1508 3691 1626 3749 nomine
1645 3697 1840 3766 possessionis
1855 3698 1890 3753 ad

129 3786 321 3844 mentientem
331 3782 491 3855 redarguit,
502 3779 553 3838 sed
564 3777 987 3854 secumpsrseverantiamejus
1041 3779 1122 3837 bunc
1136 3796 1258 3837 sensum
1269 3780 1458 3853 impedimur,
1469 3780 1499 3838 id
1517 3799 1635 3855 quoque
1649 3785 1807 3843 auierstur.
1828 3787 1891 3843 Non

130 3875 310 3949 approbans,
328 3873 365 3930 ad
389 3869 616 3944 perfructionem
636 3868 757 3941 potioris
780 3872 987 3944 atquejuccn·
1039 3869 1119 3926 enim
1142 3869 1183 3926 ait
1211 3872 1303 3940 pater,
1325 3868 1430 3925 Omnia
1458 3869 1487 3927 in
1508 3871 1725 3942 possessionem
1740 3874 1791 3930 tibi
1808 3875 1893 3943 dabo,

133 3965 224 4025 dioris
238 3963 443 4024 exsultationis
458 3962 571 4019 invitat.
1037 3961 1110 4029 sive,
1126 3958 1233 4016 Omnia
1243 3975 1308 4017 maa
1317 3959 1446 4033 possides
1460 3957 1504 4017 vel
1520 3961 1703 4035 possidebis;
1724 3965 1893 4032 sodomita

167 4055 238 4122 Quis
265 4057 311 4113 est
334 4067 404 4126 ergo
429 4051 529 4108 bedun
548 4065 636 4124 quem
656 4063 808 4122 nunquam
824 4047 935 4122 accepit
949 4051 984 4106 nd
1036 4064 1097 4106 meu
1111 4052 1236 4107 taceant.
1252 4047 1309 4104 Nec
1327 4050 1422 4107 umen
1442 4048 1482 4106 ita
1504 4057 1573 4107 sunt
1591 4051 1665 4123 ejus,
1682 4057 1714 4108 ut
1727 4050 1892 4124 ipsiusiiei.

132 4143 313 4221 epulandum
329 4142 343 4198 i
364 4143 500 4199 Peccator
519 4139 643 4210 proiecto
660 4137 734 4194 hedi
746 4135 987 4209 nominesigniii-
1039 4137 1122 4205 Quod
1138 4137 1216 4195 enim
1230 4140 1275 4195 est
1286 4137 1317 4194 in
1333 4141 1431 4196 nostra
1453 4139 1587 4212 pecunia,
1603 4145 1700 4214 potest
1715 4142 1829 4199 familie
1844 4159 1894 4200 no-

130 4232 189 4295 ceri
205 4233 289 4294 solet.
305 4232 361 4290 Sed
375 4229 452 4288 absit
466 4231 499 4286 ut
513 4226 723 4286 antichristum
743 4223 914 4299 intelligam.
924 4224 986 4283 Non
1039 4230 1106 4284 stre
1125 4226 1167 4285 rel
1183 4225 1426 4285 elimentumesse
1437 4225 1483 4284 vei
1493 4234 1710 4298 ornamentum,
1721 4231 1765 4287 vei
1781 4229 1891 4302 aliquid

130 4317 762 4393 arnicasexituminveniohujuscesententie·¹
776 4316 986 4375 Multumenim
1040 4316 1221 4391 hujusmodi.
1238 4317 1270 4374 ist
1297 4321 1375 4375 cerie
1402 4332 1469 4373 cum
1495 4316 1594 4390 ipsum
1613 4322 1724 4390 patrem
1745 4325 1821 4377 recte
1845 4319 1894 4378 iiio

131 4406 987 4481 absurdumest.eumcuidicitur,iurueccmesumper,hoc
1041 4409 1138 4478 posset
1152 4421 1240 4463 suum
1256 4405 1362 4475 dicero,
1373 4421 1430 4462 uon
1445 4404 1601 4477 videoque
1626 4406 1720 4480 ipsius
1749 4413 1827 4465 recte
1841 4425 1895 4465 sua

131 4496 987 4581 apatrsoptasse,utanttohristoorscsret.itaqusmnninn
1040 4494 1892 4570 vocarenonposslt,diversisduutsxatmodis.itumcuim

129 4595 162 4653 in
190 4594 233 4653 ais
259 4593 438 4660 iudeorum,
463 4589 514 4664 qui
541 4585 723 4646 Antichristo
743 4585 883 4644 credituri
908 4589 988 4655 eunt,
1039 4586 1209 4644 beatitatem
1234 4584 1315 4644 iiiam
1339 4585 1566 4657 obtinuerimus,
1580 4595 1679 4645 nostra
1698 4592 1785 4645 erunt
1805 4589 1842 4644 ad
1857 4588 1896 4643 vi·

131 4683 222 4742 istum
248 4679 342 4740 illium
363 4680 407 4738 ias
425 4683 470 4737 est
488 4676 625 4751 intelligi.
640 4676 789 4744 Quomodo
804 4678 900 4733 autem
917 4691 989 4749 epu·
1041 4676 1170 4733 dandum
1191 4675 1352 4749 superiora,
1377 4681 1478 4734 nostra
1497 4680 1585 4734 erunt
1613 4677 1649 4734 ad
1680 4679 1893 4736 convivendum

129 4772 243 4832 leretur
267 4768 370 4829 exilio
390 4769 480 4838 hedo,
502 4767 525 4824 si
544 4767 605 4839 ipse
621 4773 699 4824 esset
712 4764 921 4834 Antichristus,
937 4764 988 4837 qui
1040 4765 1174 4840 aqualia,
1186 4766 1431 4824 nostraeruntad
1443 4765 1652 4823 dominandum
1664 4766 1812 4825 interiora.
1824 4771 1896 4827 Con·

132 4864 158 4923 ei
170 4881 228 4922 nou
244 4863 374 4921 crederet
387 4862 401 4916 ‘i
414 4862 472 4916 Aut
486 4859 511 4915 si
527 4858 582 4915 boc
597 4864 639 4914 est
655 4855 767 4928 epulari
782 4872 817 4912 cx
827 4854 901 4912 baedi
916 4856 990 4913 occi·
1040 4856 1168 4929 gaudeat
1185 4870 1254 4929 ergo
1274 4854 1478 4913 securissimus
1499 4856 1592 4928 major
1608 4858 1705 4925 irater,
1721 4858 1895 4929 quisjunior

132 4956 227 5025 sione,
244 4952 322 5027 quod
338 4954 384 5008 est
397 4950 433 5007 de
447 4946 615 5006 Antichristi
631 4946 791 5020 perditione
805 4944 987 5019 laterique·
1041 4946 1130 5004 irater
1142 4948 1265 5002 mortuus
1280 4953 1385 5016 erut,ct
1395 4946 1517 5008 recinit:
1526 4947 1660 5018 perteret,
1672 4951 1697 5004 ct
1709 4949 1892 5005 incerrtusest.

132 5046 218 5105 modo
247 5042 319 5101 dicit
346 5040 426 5098 fliius
452 5053 541 5113 quem
567 5034 679 5110 recepit
692 5043 773 5108 pntcr
787 5034 842 5092 boc
857 5035 914 5092 sibi
929 5052 988 5093 non
1075 5033 1323 5110 xxxii[1b.xv1,
1340 5035 1412 5109 i-9.]
1428 5034 1458 5091 ln
1469 5034 1567 5094 villico
1584 5053 1672 5110 quem
1684 5037 1823 5095 Dominus
1839 5037 1894 5109 eji-

132 5135 418 5203 iuisseconoessum,
439 5143 504 5188 cum
523 5142 624 5185 omnes
644 5125 697 5182 iiiii
723 5125 775 5183 Dei
793 5125 827 5183 de
841 5124 922 5183 iliius
936 5126 988 5181 ad·
1041 5123 1136 5182 ciebat
1149 5126 1186 5181 de
1199 5122 1338 5191 villicatu,
1354 5128 1383 5181 ct
1402 5125 1531 5183 laudavit
1545 5143 1612 5185 eum
1628 5127 1703 5200 quod
1722 5127 1750 5183 in
1761 5128 1894 5184 laturum

132 5223 255 5281 versarii
280 5221 469 5281 damnatione
496 5215 622 5276 letaturi
650 5215 735 5273 sint?
753 5214 899 5272 Nimirum
919 5230 987 5288 argo
1041 5213 1098 5271 sibi
1113 5213 1307 5287 prospexerit,
1322 5229 1380 5271 non
1394 5214 1494 5272 omnis
1511 5215 1649 5274 debemus
1665 5216 1700 5273 ad
1716 5216 1893 5274 imitandum

133 5314 225 5387 (quod
253 5313 284 5369 in
311 5328 342 5370 re
356 5308 566 5371 obscurissima
584 5306 647 5365 sine
669 5305 838 5379 prejudicio
862 5304 987 5379 diligen·
1042 5302 1241 5362 samareites
1257 5302 1335 5360 enim
1350 5307 1401 5360 ant
1415 5303 1539 5363 Domino
1551 5315 1651 5363 nostro
1662 5306 1795 5364 iacienda
1809 5311 1854 5364 est
1865 5308 1894 5364 in

131 5400 215 5458 tioris
239 5399 436 5472 inquisitionis
464 5399 598 5470 dixerim)
618 5397 715 5470 ipsum
744 5394 903 5453 Dominum
930 5392 988 5452 sibi
1043 5393 1141 5468 aliquo
1155 5394 1284 5469 iraus,ut
1294 5394 1329 5451 de
1344 5394 1409 5468 ipsa
1421 5396 1522 5454 iruude
1533 5396 1731 5470 eleemosynas
1741 5398 1892 5463 iaciamus,

134 5496 272 5564 negatum
288 5486 712 5561 adepulandumconqueritnr,
723 5486 874 5544 dameam
890 5500 989 5558 pecca·
1043 5487 1094 5543 sut
1120 5499 1210 5541 coss
1241 5484 1351 5558 quibus
1372 5486 1460 5559 recipi
1477 5486 1612 5543 volumus
1644 5487 1674 5544 in
1708 5487 1896 5546 tabernacula

133 5582 229 5640 torena
245 5581 337 5652 putat.
353 5576 426 5635 Cum
446 5577 527 5635 enim
552 5573 873 5648 bedusestiiilgenti,
888 5572 989 5648 idest,
1044 5575 1161 5644 seierus,
1173 5576 1312 5647 tanquam
1329 5573 1474 5634 debitores
1497 5572 1548 5632 Ilei
1563 5578 1592 5633 et
1610 5574 1725 5634 Domini
1741 5574 1833 5634 nostri
1851 5575 1895 5633 ias
