3952 6150
123 220 203 281 ttttl
725 247 956 317 releuatus
979 253 1043 319 tlt.
1065 257 1193 324 caput*
1213 264 1282 329 XII.

118 356 158 412 rit
174 374 242 417 eum
256 361 331 434 ipro.
344 364 419 426 Nam
432 373 462 428 et
476 372 557 432 illam
567 379 726 438 maximnm
739 385 885 456 peeeionia
895 388 982 447 mini·
1035 393 1074 451 tie
1088 396 1145 453 ture
1160 412 1167 455 :
1184 398 1259 458 riren
1273 419 1397 475 suggero
1412 411 1445 464 ut
1468 423 1579 481 eurree,
1603 431 1656 473 neo
1672 420 1797 492 reprimo
1812 427 1889 499 quod

119 446 295 509 strationem
322 456 409 514 multi
429 474 462 517 ax
486 468 582 523 reetro
606 484 729 529 numero
752 474 979 537 ministrarunt:
1034 483 1196 555 accelerem
1212 491 1262 546 aad
1274 495 1417 552 transiero
1428 498 1458 553 in
1474 514 1519 556 ma
1534 502 1613 574 quod
1625 506 1763 578 trepidae,
1774 515 1804 569 et
1818 515 1888 571 aub-

123 535 209 593 multi
226 556 284 597 non
295 544 425 620 episcopi
439 567 534 625 neque
545 553 652 629 elarini,
665 561 787 630 juvenen
797 569 826 621 et
840 567 981 641 virginee,
1032 578 1132 631 eterno
1147 592 1206 648 qua
1216 582 1356 641 transeas.
1369 584 1392 641 0
1406 586 1529 646 Domine
1546 592 1699 663 mediator,
1709 595 1787 656 Daue
1798 616 1889 674 eupra

119 624 978 730 senioreaoumjunioribun,multicoujugatieteonjugatra,
1031 677 1096 733 une,
1126 663 1215 725 homo
1242 677 1360 743 propter
1397 691 1463 747 noa,
1495 695 1620 751 agnoroo
1656 686 1887 749 misericordiam

117 713 313 789 multipatrae
323 728 491 801 matresque
501 730 630 792 iamilina
640 737 752 797 Christo
764 742 976 816 minirlrantea,
1030 755 1111 810 tuem
1127 753 1134 810 l
1153 773 1219 815 nam
1235 763 1312 832 quod
1328 766 1359 819 tu
1376 768 1477 824 tantur
1498 773 1553 826 tua
1574 771 1724 832 eharitatis
1738 777 1888 839 voluntate

115 803 332 904 etiamauimaa
343 817 976 902 auaeineiuamnrtyrioporuerunt,ethono-
1029 842 1168 915 turberta,
1184 846 1291 905 multos
1306 850 1336 908 in
1350 868 1469 925 corpore
1483 860 1533 915 tuo
1549 860 1599 932 qui
1619 878 1679 920 aue
1703 863 1887 928 intirmitetie

113 893 252 956 rrtleante
268 900 351 962 Patre
367 920 493 967 eornneu
506 910 736 984 glorioeiaaimaa
751 934 930 997 reoepeaunt.
1026 931 1203 1073 ¹rreueaaituta
1219 937 1384 1010 turbantur,
1401 957 1438 1000 na
1450 944 1633 1018 deoperando
1649 958 1772 1023 pereant
1784 971 1887 1016 noneo-

396 1012 612 1078 naturantis
631 1024 687 1081 bil.
1037 1035 1109 1076 ⁸¹⁸¹·-

110 1089 154 1147 Ae
168 1107 201 1151 eo
215 1099 289 1167 puna
310 1101 446 1174 mimum
467 1112 518 1177 ω),
544 1110 626 1170 Num,
647 1116 747 1175 „pm
771 1135 837 1177 m„
855 1124 972 1184 pum
1059 1109 1087 1165 3.
1112 1110 1244 1186 [lenique
1260 1115 1348 1175 borne
1371 1119 1419 1192 qni
1435 1124 1518 1195 nequi
1541 1125 1613 1195 vult,
1638 1130 1737 1188 audiat
1760 1149 1820 1207 qua
1833 1151 1882 1194 ee·

145 1187 194 1239 eet
209 1200 217 1252 ;
233 1190 263 1243 οι
277 1188 349 1259 quid
364 1191 462 1251 mom
477 1194 492 1251 t
507 1212 592 1271 aequ
606 1202 641 1260 ap
659 1203 699 1273 pp,
716 1206 781 1265 1120
796 1208 911 1270 1000103
923 1218 970 1272 „t
1024 1201 1437 1268 quatur.beeearittortebora
1453 1212 1604 1287 terribilia,
1618 1222 1793 1292 proponitur
1801 1225 1881 1296 optio

144 1269 246 1341 sesua,
269 1281 298 1333 ,ι
313 1278 395 1352 abiit,
420 1286 450 1340 ,t
471 1285 627 1347 gpmnpp
649 1309 682 1350 ,θ
705 1297 741 1353 ,b
765 1298 818 1357 ὼ,
835 1301 901 1373 ρῳ,
917 1320 968 1374 ¹1„
1022 1291 1073 1341 eut
1093 1287 1231 1347 laetanda
1256 1292 1434 1368 iniquitatis,
1456 1307 1506 1358 aut
1534 1304 1695 1365 subeunde
1711 1310 1880 1383 parrionia3

149 1360 178 1428 p.
193 1362 293 1421 ‚tt-30.
1023 1375 1157 1434 turbatur
1170 1380 1269 1437 anima
1279 1383 1407 1455 infirma,
1419 1394 1634 1464 propterquam
1646 1400 1751 1469 sponte
1763 1399 1881 1460 turbata

130 1476 172 1576 ,1.
187 1476 348 1553 Postquam
363 1483 504 1587 Dumium
513 1492 601 1552 Jeeue
613 1496 747 1559 Christus
759 1505 854 1563 verbio
869 1508 967 1566 lentio·
1019 1468 1308 1618 ἓῗίιῗιῖἱὲζνὲξέϊ
1317 1484 1877 1645 Jffipffigmbssmffiffiffuffl

103 1580 156 1709 ξι*
172 1563 314 1627 hamum
329 1573 481 1676 ‘ninum'
499 1597 569 1683 ⁸¹¹⁰?
582 1589 612 1685 Ψ
627 1587 755 1693 εοὶρωηῗ
773 1602 966 1667 'equmntu‘
1019 1646 1048 1698 at
1062 1596 1204 1718 magister
1219 1653 1298 1719 tune,
1315 1652 1365 1724 qui
1382 1657 1409 1710 te
1426 1655 1502 1725 teuit,
1516 1662 1545 1714 et
1561 1666 1593 1716 ut
1608 1665 1636 1718 ta
1650 1661 1767 1722 donaret
1781 1665 1876 1725 tantun

127 1658 240 1757 ωε
253 1664 308 1727 ’δι’
325 1677 390 1718 ⁰⁰¹⁰
413 1672 454 1722 Μ
478 1671 664 1777 primumi
675 1694 841 1749 ¹³⁸⁸⁸¹⁰⁰⁰m
866 1702 963 1760 κη’
1017 1738 1063 1789 eet
1077 1740 1106 1791 et
1121 1736 1183 1810 ipae
1198 1742 1275 1810 quod
1293 1742 1360 1799 lenit
1377 1760 1384 1798 :
1399 1744 1485 1803 homo
1496 1749 1573 1806 euim
1589 1751 1685 1810 iaetua
1701 1756 1806 1828 estqui
1821 1757 1874 1817 ho·

104 1742 686 1858 3υῲιώΒΜΠΜΜΨΜΜΜ
701 1776 961 1833 mmmmm
1016 1821 1125 1881 minem
1142 1827 1226 1884 feeit·
1254 1832 1303 1886 red
1319 1831 1397 1890 Deua
1419 1835 1673 1899 incommutabilia
1702 1845 1808 1902 mansit
1845 1852 1875 1906 et

103 1833 206 1905 'mm’
221 1836 317 1894 ’ΝΜ
331 1846 447 1915 mmm
462 1862 488 1901 ⁸¹
503 1856 600 1952 mem.
613 1860 762 1956 mimum
778 1860 875 1965 ‘uim'
889 1865 963 1923 ‘⁰⁰¹'
1017 1910 1167 1972 homiuem
1183 1870 1335 1977 in’maliue
1345 1926 1545 1983 eommutavit.
1558 1929 1633 1985 turi
1644 1908 1712 2002 ergo
1722 1932 1793 2006 quid
1804 1887 1874 1995 inda

102 1926 173 1979 tum
191 1922 440 1988 lruetumallart:
467 1936 515 2036 ubl
538 1947 747 2048 exertavrteoa,
775 1967 905 2024 qureum
924 1955 961 2015 ad
1014 2003 1185 2076 aum-ungu,
1201 2023 1267 2064 oum
1296 2010 1429 2083 dmm„
1455 2016 1533 2073 Num,
1559 2020 1654 2076 am
1678 2038 1740 2079 ,m
1762 2026 1886 2084 ,mm

101 2014 473 2170 ἱξξῗῗῗέῗέοὲῑῗᾱῗᾳέ
483 2025 600 2174 3:2⁰?t'
611 2036 872 2135 ⁰.t⁸⁰¹m⁸m⁸⁰⁸m
884 2044 959 2105 ὼ
1013 2099 1061 2146 eei.
1078 2094 1110 2148 lit
1123 2095 1190 2165 quid
1200 2097 1300 2165 dicum,
1318 2102 1411 2174 inquit
1426 2105 1440 2159 ‘l
1454 2107 1547 2175 Peter,
1566 2111 1693 2182 salvifico
1708 2130 1751 2171 me
1771 2130 1806 2171 ex
1821 2117 1875 2175 lree

124 2190 131 2202 .
251 2195 258 2209 .
374 2218 380 2230 ,
418 2155 427 2181 ’
575 2133 696 2181 “vum
712 2133 961 2238 aetffmmfu'm'
1013 2180 1867 2278 normaepreptereeomtinnonenoran.Petenelerifien

95 2189 379 2342 :ifflmffltmnt'
409 2205 444 2260 ω
469 2213 727 2315 ΠΟΜΜῘΠΝΜ
756 2222 958 2332 ¹⁰ssrf¹¹¹t⁸t⁸¹ff¹
1011 2279 1867 2368 nementeem.uomittequidcogine,doeuirquideloai,

162 2373 169 2385 .
261 2291 574 2400 mmmmm&
595 2307 647 2374 ἠ’
672 2309 749 2366 ⁰⁰d⁰
772 2311 956 2391 ¹⁰⁰¹¹⁰⁰⁰³⁹¹t
1011 2364 1488 2446 queminvoeee,inquoeperee,
1508 2378 1787 2448 eujuevoluntetem
1803 2400 1865 2444 oer-

91 2372 463 2531 ξᾷὼὸἱιέἷῃῗῗὶῑᾜᾞ
474 2402 535 2532 Μτω
550 2392 660 2451 'urbm
674 2406 723 2454 εἰ·
741 2398 822 2460 Um
841 2406 958 2509 tufm
1010 2456 1305 2526 temetquediviuem
1317 2466 1373 2517 tue
1384 2463 1525 2522 voluntati
1536 2466 1670 2527 bumana
1681 2471 1864 2547 infirmaque

131 2504 151 2530 .,
290 2508 300 2537 ,
464 2494 479 2531 n
522 2477 626 2554 Nempe
643 2487 730 2557 poulo
754 2496 822 2550 eute
846 2496 957 2569 drxlati,

1807 296 1888 359 i'i'il)

92 2552 150 2621 Qui
158 2552 218 2609 odit
229 2558 354 2615 animem
363 2576 445 2619 enom
456 2567 487 2620 in
499 2567 549 2625 boe
559 2572 670 2645 mundo,
680 2578 709 2633 in
722 2581 807 2638 uitam
819 2592 957 2646 aternum
1011 2557 1173 2615 mmm
1190 2545 1253 2603 ΝΜ
1279 2547 1344 2607 idm
1364 2551 1415 2608 fibi
1440 2554 1574 2613 'mmm
1601 2574 1635 2614 θ’
1658 2560 1717 2619 mo
1731 2562 1865 2633 ‘ionem'

91 2642 296 2702 custoditeom.
313 2646 387 2722 lingo
403 2657 502 2712 enimn
516 2661 567 2716 tue
583 2661 612 2719 in
629 2662 684 2723 hoe
705 2673 814 2728 mundo
830 2684 956 2747 ematur,

96 2731 165 2789 ideo
179 2735 316 2793 turbatur
331 2741 464 2800 veniente
481 2744 551 2805 horu
566 2767 624 2822 qua
638 2771 672 2811 ex
684 2757 737 2815 boe
753 2768 863 2822 mundo
878 2784 958 2841 egre-

96 2820 224 2878 diatur?
238 2824 309 2890 Quia
325 2828 379 2886 bne
391 2832 426 2888 de
437 2835 535 2893 auimo
546 2838 660 2899 Domini
672 2848 776 2907 nudent
788 2853 957 2916 affirmaret

100 2909 159 2964 Sed
190 2927 243 2968 nne
273 2914 303 2970 in
330 2923 537 2991 retranstulit,
555 2944 608 2985 noe
626 2931 656 2990 iu
682 2952 712 2992 ae
727 2944 857 3015 aueoepit
871 2951 957 3019 eaput

100 3002 249 3070 nentrum,
259 3007 455 3067 membrorum
471 3029 590 3073 auorum
607 3026 737 3096 aueeepit
751 3028 886 3090 attentum
903 3050 911 3092 ε
927 3038 957 3094 et

97 3086 166 3143 ideo
179 3095 294 3148 ueneat
307 3095 343 3150 ab
358 3097 457 3171 aliquo
473 3106 621 3166 turbatum
635 3129 642 3178 ς
658 3115 708 3169 eod
721 3116 798 3174 eleut
808 3120 843 3177 de
853 3123 956 3182 illedi-

95 3184 180 3233 etum
195 3182 252 3249 eat,
268 3196 334 3239 oum
354 3184 491 3248 Lanarum
508 3198 672 3271 suscitaret,
692 3205 813 3264 turbauit
827 3215 954 3288 semetip-

91 3281 158 3322 ram
172 3268 262 3336 (loun.
277 3287 317 3342 xi,
333 3273 390 3348 33).
408 3277 571 3352 Oportebat
582 3289 659 3347 euim
673 3302 703 3348 ut
719 3312 796 3355 unua
811 3303 955 3362 mediator

90 3354 147 3412 Dei
174 3366 204 3413 et
228 3358 381 3421 bominum
410 3369 498 3429 bomo
527 3375 661 3436 Christus
684 3383 782 3457 tenue,
807 3391 884 3448 aient
900 3410 952 3452 nor

89 3445 233 3503 exeitarit
247 3450 282 3506 nd
309 3468 437 3526 numme,
466 3459 504 3518 ilo
528 3465 682 3528 nobiecum
699 3483 847 3547 peteretur
861 3487 890 3539 at
903 3484 953 3541 iu·

94 3532 168 3591 llme
179 3536 201 3590 ¹.

128 3620 156 3676 2.
172 3625 268 3683 Audio
283 3631 416 3701 superine
431 3637 588 3711 dioeulem,
613 3645 690 3704 Venit
711 3652 777 3709 toro
793 3663 824 3713 nt
841 3660 949 3735 planill-

90 3714 173 3768 eetar
187 3714 279 3772 Filiae
293 3718 411 3779 leominir
424 3740 435 3782 :
450 3727 475 3782 ei
500 3734 695 3804 mortificatum
717 3746 804 3812 suerit
818 3764 947 3824 pronam,

91 3801 214 3859 nauem
227 3805 350 3876 [ructum
365 3811 455 3884 opert.
468 3819 571 3889 Audio,
590 3825 649 3896 Qui
661 3829 718 3887 odit
732 3836 855 3894 unimam
869 3856 949 3899 enom

90 3887 125 3944 in
138 3890 192 3948 ton
218 3895 332 3963 mando,
357 3900 388 3956 in
410 3906 497 3963 uitem
518 3918 651 3972 aeternum
672 3925 790 3980 custodit
803 3943 873 3985 eum.
890 3929 947 3990 Nee

89 3981 245 4051 permittor
273 3992 471 4053 tantummodo
496 3999 608 4073 minori,
626 4009 674 4064 sed
697 4013 803 4082 jubeor
827 4018 945 4080 imitari.

90 4069 205 4128 Deinde
219 4080 411 4148 sequentibus
439 4088 545 4158 verbie,
570 4093 601 4150 Si
628 4100 689 4168 puis
703 4102 774 4159 milri
789 4108 944 4176 ministret.

90 4172 138 4214 nre
149 4171 282 4231 aequetur
289 4183 302 4232 ,·
315 4173 341 4223 el
356 4169 405 4227 ubi
414 4189 474 4230 sum
489 4192 547 4250 epo,
562 4184 635 4241 itiot
649 4189 773 4249 minister
782 4212 859 4254 meur
872 4203 926 4257 erit
931 4218 945 4273 ,·

89 4249 237 4307 muudum
252 4260 440 4319 contemnere
455 4273 606 4341 accendor,
622 4285 648 4331 el
664 4277 692 4334 in
708 4290 864 4355 oonapeetu
877 4305 942 4347 meo

86 4334 163 4393 nibil
180 4341 300 4398 eetvila
317 4345 406 4418 butue
421 4358 511 4425 tetur,
533 4365 746 4431 quantumlibet
767 4372 853 4432 luerit
872 4394 943 4450 pro·

85 4424 178 4494 lixue,
195 4445 283 4503 vapor
298 4450 306 4502 3
323 4452 381 4508 pria
397 4454 496 4501 amore
506 4452 678 4511 eternorum
688 4461 858 4532 temporalia
870 4467 940 4526 mibi

85 4520 347 4583 ennetavileeouut
363 4545 370 4585 ε
387 4535 415 4587 ot
430 4548 532 4595 rursue
547 4539 644 4613 ipeum
657 4549 812 4610 Dominum
830 4573 940 4630 meum,

85 4605 138 4677 qui
154 4609 271 4669 malitia
287 4617 425 4677 verbieab
440 4622 609 4688 infirmitate
619 4649 683 4692 mea
695 4642 793 4713 rapuit
807 4646 844 4703 ad
854 4648 939 4707 tirmi-

85 4700 179 4754 tatem
194 4715 290 4770 auem,
305 4707 393 4766 audio
416 4711 572 4788 dicentem,
597 4722 674 4780 Nunc
696 4731 793 4789 animo
808 4750 869 4793 meo
884 4742 941 4795 tur·

85 4783 156 4841 bata
168 4795 220 4844 ert.
231 4790 304 4856 Quid
314 4800 359 4851 eet
369 4796 447 4857 hoo?
462 4804 610 4869 Quomodo
621 4816 800 4888 eequijubee
810 4825 938 4885 enimam

84 4887 194 4944 meam,
205 4878 231 4933 ei
246 4884 357 4940 turbari
367 4886 451 4946 rideo
462 4896 591 4954 animam
603 4902 681 4960 tuam
693 4904 708 4960 t
721 4914 868 4980 quomodo
879 4916 940 4973 rui·

81 4962 175 5021 ieram
192 4971 268 5039 quod
283 4984 457 5043 prevalente
472 4982 596 5045 tirmiter
611 4994 722 5052 reutitt
736 5000 822 5071 quale
837 5003 940 5063 lunda·

79 5060 216 5115 mantum
243 5076 383 5135 quaram,
399 5071 424 5126 ei
445 5080 527 5142 petra
549 5086 745 5144 eunoumbit‘l
768 5091 824 5151 Sed
840 5096 939 5156 videor

77 5143 152 5201 mibi
167 5148 269 5206 audire
289 5152 319 5209 in
337 5158 513 5230 rogitatione
534 5184 597 5226 men
625 5180 849 5248 respondentem
867 5185 937 5245 mlbi

81 5231 256 5310 Dominum,
278 5247 307 5301 et
320 5248 537 5318 quodammodo
552 5259 706 5322 dicentem.
724 5267 816 5342 ttegia
830 5290 939 5348 reque-

78 5320 133 5390 rin,
149 5327 222 5399 quia
236 5330 280 5387 aie
297 5348 343 5391 me
358 5336 511 5413 interpono
523 5349 556 5404 ut
566 5350 711 5413 aulieree:
727 5360 834 5418 audieti
855 5367 892 5424 ad
911 5371 939 5425 te

77 5428 181 5474 ronam
198 5417 379 5483 fortitudinia
391 5444 472 5501 men,
486 5435 553 5493 audi
570 5438 600 5496 in
612 5458 658 5499 ma
672 5461 770 5505 vooem
782 5451 937 5515 intirmlla·

114 5535 123 5568 ¹
136 5534 165 5585 ln
182 5537 310 5593 omnibur
324 5556 407 5609 prope
422 5548 496 5614 tter,
511 5557 649 5617 poteretur
662 5566 687 5613 et
703 5564 818 5629 infirma.

224 5690 227 5695 -
249 5658 382 5724 Parnon.
405 5662 523 5732 XXXV.

1010 2632 1080 2703 quia
1095 2641 1120 2689 te
1136 2634 1197 2691 ruli
1207 2637 1243 2694 ab
1255 2638 1313 2695 imo
1323 2642 1474 2711 profluere.
1487 2644 1561 2702 Nam
1571 2652 1601 2703 et
1612 2650 1717 2706 tentori
1726 2651 1867 2724 dignatur

1010 2727 1055 2780 eet
1069 2739 1087 2779 a
1101 2724 1228 2794 diabolo,
1243 2746 1261 2786 a
1275 2746 1332 2801 quo
1348 2732 1448 2806 utique
1463 2735 1488 2792 ei
1504 2736 1594 2794 nollet
1608 2755 1667 2797 non
1688 2745 1863 2811 tentaretur,
1954 2772 1959 2787 ·

1010 2817 1257 2884 quemadmodum
1270 2821 1295 2876 ai
1309 2821 1397 2879 nollet
1411 2841 1469 2881 nou
1483 2832 1646 2897 pateretur:
1656 2837 1685 2888 et
1694 2847 1728 2889 ea
1739 2849 1863 2907 respun-

1009 2902 1053 2961 dit
1067 2905 1193 2977 diabolo,
1219 2925 1283 2980 qua
1298 2916 1329 2966 tu
1347 2913 1374 2967 in
1396 2916 1603 2975 tentationibus
1624 2921 1730 2978 debeue
1746 2939 1864 2997 reapon-

1009 2995 1078 3050 dere
1092 2998 1201 3063 paulin.
1218 3014 1257 3068 rr,
1274 3002 1359 3072 1-10).
1384 3003 1418 3059 ut
1441 3006 1489 3061 ille
1513 3008 1632 3079 quidam
1656 3017 1782 3071 tentatur
1806 3019 1862 3083 eat,

1009 3081 1060 3136 aed
1086 3097 1143 3138 non
1168 3084 1374 3157 periclitetua;
1403 3096 1435 3145 ut
1464 3094 1580 3152 doceret
1607 3099 1679 3154 teln
1703 3103 1864 3159 tentatione

1009 3167 1219 3238 periclitantem
1250 3178 1385 3233 tentatori
1406 3183 1589 3250 reapoudere,
1607 3195 1634 3243 et
1655 3193 1719 3259 poet
1734 3194 1862 3247 tentate·

1008 3271 1068 3314 reru
1085 3275 1142 3315 nou
1159 3259 1211 3330 ire,
1227 3263 1276 3319 aad
1292 3264 1328 3320 du
1344 3265 1472 3338 periculo
1489 3273 1658 3331 tentationis
1672 3276 1761 3334 exire.
1781 3279 1864 3337 Siout

1008 3350 1105 3403 autom
1132 3349 1178 3406 bio
1205 3351 1288 3422 dixit,
1317 3355 1396 3413 iluna
1423 3360 1594 3418 animemed
1623 3366 1800 3435 turbotoeet,
1821 3369 1862 3425 ita

1006 3434 1095 3493 etiam
1112 3437 1161 3493 ubi
1176 3439 1257 3512 dieii,
1273 3442 1368 3500 trieris
1383 3453 1424 3502 ert
1451 3451 1549 3506 anima
1563 3467 1625 3509 mee
1638 3469 1723 3526 mque
1737 3455 1773 3511 od
1786 3471 1860 3514 rnor-

1004 3530 1060 3580 tem
1073 3544 1084 3590 ,·
1097 3533 1134 3588 et,
1150 3529 1242 3597 Peter,
1257 3533 1282 3587 ri
1294 3532 1358 3601 fieri
1369 3539 1465 3605 potest,
1479 3542 1627 3595 tremente
1641 3557 1683 3597 me
1697 3544 1773 3600 cette
1787 3546 1858 3603 iste:

1005 3612 1131 3671 bominis
1145 3619 1273 3690 aneeapit
1287 3620 1486 3682 infirmitatem
1503 3627 1523 3698 ¹,
1541 3637 1572 3684 ut
1586 3631 1689 3687 doceat
1699 3632 1740 3690 aio
1753 3635 1858 3692 enutri·

1002 3711 1110 3762 etatum
1127 3714 1154 3764 et
1169 3710 1372 3769 conturbatum
1390 3716 1467 3788 quod
1480 3718 1727 3792 aequiturdieere,
1745 3726 1859 3782 Verum·

1001 3800 1093 3850 tomen
1119 3812 1175 3852 non
1201 3799 1276 3870 pund
1304 3815 1351 3873 epo
1376 3805 1447 3874 uolo,
1471 3808 1517 3863 sed
1536 3808 1607 3880 quod
1631 3821 1664 3867 tu
1691 3813 1743 3882 uir,
1772 3818 1857 3874 Pater

1001 3883 1055 3951 (ld.
1072 3901 1148 3954 xxm,
1164 3886 1199 3942 38
1211 3892 1237 3944 et
1251 3888 1309 3960 39).
1335 3892 1382 3948 Sin
1404 3898 1481 3951 entur
1504 3895 1593 3955 bomo
1613 3902 1650 3958 ab
1670 3902 1809 3962 bumania
1824 3905 1856 3963 iu

1000 3971 1098 4029 diviua
1109 3975 1256 4048 dirigitur.
1271 3996 1338 4036 eum
1352 3982 1492 4042 voluntati
1507 3984 1643 4047 humana
1663 3992 1796 4050 voluntae
1811 3996 1854 4051 di·

999 4060 1067 4118 viua
1083 4066 1270 4136 praeponitur.
1286 4068 1360 4132 Quid
1376 4081 1419 4127 eat
1443 4080 1552 4142 autem,
1567 4078 1694 4151 Olonico
1709 4086 1787 4138 tuum
1800 4100 1854 4141 no-

997 4165 1059 4205 men
1076 4172 1085 4212 ,·
1102 4153 1170 4224 uiri,
1186 4155 1215 4209 iu
1232 4160 1429 4226 auapaasione
1444 4167 1472 4218 et
1483 4169 1798 4234 rerurrectioneiQuid
1809 4176 1855 4229 eat

996 4252 1064 4312 ergo
1080 4240 1172 4310 aliud,
1190 4246 1247 4302 nini
1263 4252 1295 4303 ut
1309 4247 1393 4306 Pater
1408 4253 1548 4310 clerisseet
1567 4254 1682 4328 Filium,
1701 4261 1751 4329 qui
1771 4260 1855 4316 elari-

1002 4327 1070 4386 sreat
1079 4347 1165 4389 auum
1174 4350 1280 4391 numen
1296 4338 1385 4394 etiem
1394 4341 1422 4394 in
1436 4341 1585 4399 airnilibua
1596 4347 1782 4415 pnaeionibua
1794 4365 1854 4407 aer·

994 4433 1096 4476 vorum
1111 4424 1261 4480 auorum?
1286 4425 1367 4484 Unde
1381 4430 1520 4502 scriptum
1545 4437 1589 4489 eat
1613 4435 1649 4491 da
1665 4435 1758 4503 Petro,
1773 4442 1850 4512 quod

993 4508 1057 4566 ideo
1072 4511 1107 4567 de
1130 4511 1179 4569 illo
1209 4513 1323 4584 dixerit,
1348 4520 1426 4574 Alter
1448 4529 1473 4576 le
1498 4523 1601 4595 cinpet,
1621 4534 1647 4581 et
1667 4534 1803 4602 tenetque
1819 4538 1850 4588 tu

993 4613 1048 4652 non
1057 4601 1096 4654 ris
1106 4617 1117 4665 ;
1128 4601 1195 4672 quie
1206 4604 1475 4679 aigniiloarevoluit,
1483 4619 1632 4682 puomorte
1639 4615 1852 4691 plomficeturnr

992 4689 1254 4764 eroruennlloan.
1278 4710 1336 4764 xxr,
1362 4699 1406 4766 18,
1437 4700 1495 4771 19).
1525 4701 1639 4775 tirgoat
1655 4706 1684 4762 iu
1709 4708 1851 4769 illoDeua

992 4777 1161 4838 olerillcavit
1176 4798 1282 4841 nomen
1298 4802 1395 4858 auum,
1411 4791 1478 4861 quin
1499 4793 1542 4851 ein
1556 4797 1645 4854 etiam
1661 4801 1692 4857 in
1707 4803 1849 4862 membris

991 4867 1053 4923 euin
1067 4868 1208 4928 elerilleat
1223 4872 1381 4946 Gbrlalum,

1029 4956 1056 5011 t.
1076 4958 1159 5015 Venit
1171 4976 1234 5033 erpo
1250 4965 1492 5037 vendemiam
1519 4973 1682 5045 elurifiaerooi,
1697 4984 1726 5033 et
1749 4977 1849 5034 iterum

990 5043 1161 5114 clarificabo.
1169 5050 1202 5107 Et
1210 5050 1540 5132 clarificavi,entequnm
1551 5063 1675 5121 tenerem
1687 5067 1847 5125 mundumr

992 5137 1020 5190 et
1037 5137 1138 5194 iterum
1151 5139 1321 5211 clarificato,
1336 5161 1403 5203 eum
1429 5160 1561 5222 rarurget
1576 5169 1592 5208 a
1607 5154 1740 5223 mortula,
1756 5162 1785 5213 et
1796 5173 1848 5214 ue·

990 5223 1095 5282 enodet
1109 5225 1139 5282 in
1154 5228 1271 5288 ooelum.
1288 5232 1321 5288 lit
1334 5233 1418 5291 aliter
1432 5236 1555 5312 intelllgi
1570 5246 1673 5312 potant.
1692 5246 1725 5300 iit
1737 5245 1848 5317 eloriti-

990 5310 1062 5379 oum',
1078 5329 1146 5371 eum
1162 5318 1199 5374 de
1218 5318 1338 5392 Virgine
1354 5328 1509 5398 natusest,
1525 5344 1593 5386 eum
1608 5331 1732 5392 virtutae
1741 5350 1846 5409 opera·

992 5522 1033 5634 μί
1044 5520 1088 5572 Sio
1102 5521 1163 5577 bier.
1180 5526 1210 5576 At
1226 5526 1301 5589 editi,
1315 5530 1431 5582 ostendit
1445 5534 1560 5588 imminit
1574 5542 1689 5607 rrrreepli
1704 5543 1848 5608 infirmita·

1020 5598 1055 5637 m.

1416 5714 1682 5807 (Cinpnnnterie.)
