3952 6150
209 171 279 229 2367
727 160 963 232 QUAESTIONES
981 159 1029 216 Ex
1047 157 1219 230 UTROQUE
1239 158 1383 218 ututur.
1842 154 1914 212 2³68

208 294 359 352 invenitur
369 309 376 350 ε
385 285 1034 366 quantomagisnos‚quibusillaproecipiun·
1088 285 1139 342 nie
1151 284 1551 354 diligendumlluantaergo
1566 281 1676 351 dignus
1688 281 1735 336 est
1748 278 1915 353 gloriaqui

208 371 257 424 tur
276 382 342 439 qum
361 370 487 434 possunt
527 360 646 418 ortari‘i
668 358 781 417 Otides
799 358 859 414 Deo
877 357 989 423 dicata,
1005 362 1034 413 et
1088 365 1156 413 ante
1169 357 1404 429 Legem,Legem
1416 349 1834 426 servavitutLerqureiutura
1845 358 1915 432 erat,

210 454 279 510 spes
300 437 330 493 in
351 434 476 492 Domino
498 379 594 496 deme,
611 447 678 502 quae
697 436 757 485 tam
778 429 869 485 chara
888 434 917 484 et
932 429 1033 485 suevis
1086 431 1242 502 quomodo
1257 427 1453 484 custodienda
1468 433 1539 493 erat,
1559 427 1783 506 demonstraret
1797 437 1871 504 non,
1886 440 1915 478 ιιι

210 516 263 574 est,
275 515 306 563 ut
315 514 470 580 parentum
482 505 652 559 acsrtiorum
664 500 1032 572 affectibnsproeponatur,
1087 500 1196 570 verbis,
1213 501 1266 556 sed
1283 505 1388 556 auctor
1399 499 1429 554 in
1443 498 1527 554 factis
1542 496 1598 553 tut
1610 510 1682 577 quia
1697 499 1830 550 tentator
1844 510 1914 551 ure·

209 581 325 636 dicente
339 579 501 649 Scriptura,
524 575 633 629 caetea
654 578 679 627 et
694 573 790 638 videte,
804 575 929 643 quoniam
943 572 1034 626 cccer'a
1088 587 1191 628 serens
1203 578 1259 638 est,
1270 587 1325 627 nec
1340 572 1404 627 haec
1416 570 1511 641 gioria
1523 569 1596 623 satis
1610 568 1636 622 ei
1653 582 1718 622 visa
1730 571 1777 620 est
1796 567 1836 620 ad
1853 581 1918 637 pro·

210 658 248 708 eet
269 650 400 705 Dominus
420 646 505 716 (Perit.
531 660 632 712 xxxru,
657 646 684 714 9)
707 644 713 699 l
737 643 907 699 patriarcha
931 648 1033 698 autem
1086 642 1240 700 bationem
1257 644 1310 698 viri
1323 642 1408 714 justi,
1424 641 1479 696 nisi
1499 640 1582 696 aliud
1598 639 1744 719 adversus
1761 650 1832 692 eum
1855 653 1918 692 ma-

210 727 311 778 noster
325 719 516 776 fidelissimus
536 717 688 772 Abraham
708 718 781 787 quia
796 730 849 786 pro
872 714 942 769 heta
958 719 1031 778 erat,
1086 713 1359 785 chinaretur,quod
1374 714 1462 768 sciret
1474 712 1513 767 ab
1527 709 1727 767 homineiern
1739 723 1805 764 non
1818 724 1916 779 posse;

211 794 294 849 scirit
315 791 386 864 quid
408 790 491 861 sequi
510 787 641 843 deberet.
664 785 733 841 ideo
754 730 921 841 secundum
949 786 1033 859 quod
1087 786 1169 859 petiit
1185 786 1303 849 iterum,
1314 784 1540 856 utillumipsnrn
1554 797 1633 839 soerc
1647 779 1774 835 retinere
1787 786 1916 850 percute

212 864 356 920 Dominus
371 876 452 916 nunc
471 859 554 925 dixit,
572 863 640 914 trrnc
654 856 701 912 ille
717 856 794 925 iecit,
811 862 842 911 ut
856 856 915 912 filio
927 871 1034 928 quarn·
1087 864 1130 913 ret
1144 873 1162 912 a
1177 857 1273 928 capite
1289 855 1433 928 usquead
1452 855 1563 927 pedum
1582 867 1708 933 ungues
1726 851 1761 906 Et
1777 866 1849 906 cnm
1863 850 1919 906 hoc

210 935 253 991 vis
261 933 435 989 charissimo
445 931 537 986 [icum
552 929 746 984 indilectione
756 926 905 998 preferret
917 926 1033 982 dicente
1087 930 1266 1001 permissum
1279 931 1449 999 esset,quia
1466 926 1541 981 fides
1563 940 1588 979 er
1605 923 1709 979 haben
1727 937 1794 978 non
1819 922 1918 987 debet,

210 1005 349 1069 domino,
371 1002 401 1058 st
415 1003 474 1074 qaia
488 1001 582 1083 diligit
596 1007 699 1071 petrem
713 1006 738 1055 et
756 1006 886 1066 matrem,
903 1005 951 1054 act
963 997 1034 1069 filios
1087 1005 1323 1082 praeceptumest
1331 998 1367 1066 ei,
1385 1004 1417 1082 ut
1427 995 1635 1078 animamejus
1646 997 1785 1075 servaret
1799 1000 1920 1065 propter

210 1071 872 1215 latitatitttitilletttttltutriit
885 1069 1034 1205 leitil
1086 1065 1921 1218 illitusstultitiattrlttttfuttrr

211 1220 300 1275 ctiam
314 1218 448 1274 occidere
461 1216 557 1272 fllium
572 1229 632 1271 non
647 1214 806 1270 recusarit.
1088 1213 1176 1284 igitur
1198 1217 1355 1286 potestate,
1378 1211 1646 1268 recrudescentem
1674 1224 1706 1263 se
1731 1207 1922 1289 crudelitates

571 1302 605 1341 ua
616 1300 674 1341 soe·
1087 1286 1209 1350 sevitie,
1227 1284 1376 1357 percussit
1390 1285 1486 1338 virum
1507 1280 1621 1352 justum
1637 1278 1729 1351 plaga
1745 1293 1866 1349 magna
1879 1294 1921 1333 m·

245 1359 347 1416 cxvtu
367 1358 417 1430 (a).
429 1389 463 1399 -
473 1358 582 1427 Magna
596 1355 777 1419 dilectioest,
790 1353 894 1410 iratres
906 1351 1035 1410 dilectis·
1088 1358 1154 1421 mis,
1171 1360 1201 1412 nt
1216 1356 1287 1412 nihil
1302 1359 1380 1411 esset
1396 1355 1425 1410 in
1441 1368 1567 1424 corpore
1587 1350 1671 1423 quod
1685 1350 1830 1405 immune
1846 1354 1922 1406 esset

210 1432 291 1496 simi,
310 1429 524 1500 omnipotentis
541 1427 589 1482 Dei
618 1442 689 1497 erga
715 1442 809 1496 genus
839 1424 1032 1480 humanum:
1087 1426 1452 1499 avulnara,qu0dnemo
1473 1424 1628 1479 hominum
1649 1421 1780 1477 tolerare
1806 1426 1921 1493 posset,

210 1518 279 1576 quae
294 1500 440 1557 intellecta
456 1500 577 1572 quidem
590 1498 723 1570 perducit
734 1497 774 1552 ad
790 1512 879 1568 regna
894 1496 1034 1560 coelestia;
1088 1499 1145 1555 nisi
1160 1498 1243 1555 solus
1261 1499 1318 1554 ton
1332 1499 1353 1562 ¹,
1376 1497 1428 1569 qui
1443 1497 1560 1551 vincere
1599 1493 1675 1549 otuit
1703 1498 1864 1549 satanam.
1891 1495 1922 1548 iit

211 1589 272 1630 non
293 1570 439 1627 intellecta
451 1578 551 1626 autem
562 1569 684 1625 deducit
698 1568 736 1624 ad
747 1568 1034 1624 interos.tteusentm
1087 1586 1157 1627 cunr
1171 1585 1225 1626 nec
1236 1570 1279 1625 sic
1290 1569 1422 1651 nequitia
1432 1567 1545 1624 diaboli
1557 1509 1679 1636 afiquod
1692 1580 1838 1620 murmur
1854 1579 1922 1619 con·

210 1643 390 1701 beneficium
403 1658 489 1696 suum
513 1646 631 1710 gratum
647 1640 706 1694 vult
720 1655 786 1694 esse
801 1645 828 1694 et
840 1638 1034 1703 fructiferum,
1088 1648 1134 1698 tra
1150 1643 1241 1697 Deum
1258 1643 1321 1697 viro
1335 1644 1415 1708 Justo
1430 1638 1557 1701 eliceret,
1572 1651 1688 1692 memor
1708 1636 1850 1707 pristinae
1863 1635 1922 1690 cai·

210 1721 274 1772 utet
288 1712 527 1784 nobisproficiat,
538 1719 566 1767 et
578 1712 662 1766 ilium
670 1709 1036 1779 misereridetectet.lgitur
1087 1713 1210 1769 liditetis
1230 1728 1301 1774 suae,
1318 1726 1379 1785 qua
1398 1710 1517 1780 decepit
1530 1708 1637 1771 adam,
1656 1707 1806 1776 sategitsi
1820 1709 1923 1773 posset

207 1783 532 1912 guentambonusest,
549 1783 844 1838 etomncshomines
858 1782 957 1835 salros
974 1780 1036 1835 vult
1088 1789 1117 1840 et
1136 1784 1226 1840 istum
1250 1799 1302 1855 per
1326 1782 1481 1838 mulierem
1507 1779 1643 1849 decipere
1665 1794 1672 1845 ;
1729 1778 1782 1835 uia
1808 1777 1923 1833 facilius

229 1856 283 1918 eri.
298 1855 469 1927 exemplum
485 1853 573 1910 nobis
587 1853 710 1924 iustitie
724 1854 753 1908 in
774 1852 827 1908 tob
848 1851 962 1907 ramulo
979 1866 1035 1906 suo
1088 1856 1156 1927 quis
1170 1855 1235 1911 deci
1260 1855 1317 1910 itur
1331 1869 1383 1926 per
1396 1852 1606 1908 domesticum.
1623 1851 1656 1905 Ει
1670 1850 1701 1905 in
1739 1851 1765 1904 is
1778 1849 1922 1906 omnibus

207 1925 433 1990 demonstravit,
450 1925 527 1981 sicut
541 1940 673 1996 praesens
692 1923 778 1980 lectio
805 1927 936 1988 testatur,
951 1921 1035 1995 quod
1089 1926 1162 1983 nihii
1175 1926 1344 1999 proficiens,
1360 1925 1421 1981 imo
1445 1924 1658 1980 detrimentum
1673 1919 1794 1976 faciens
1823 1922 1922 1993 impu·

208 1998 335 2055 recutiet
349 1998 572 2053 metccerereet
587 1995 1033 2064 adbonumvenirepoterimua
1088 1999 1282 2053 densissimus
1292 2001 1493 2061 serenasnon
1502 1993 1600 2049 sotum
1610 1992 1803 2049 immobilem
1812 1992 1923 2048 invenit

209 2076 238 2127 et
250 2085 311 2125 uon
326 2070 452 2124 soluma
469 2083 559 2139 poena
582 2066 712 2131 liberari,
729 2066 781 2123 sed
797 2071 825 2121 et
840 2064 1034 2121 remunerari.
1088 2069 1138 2125 Dei
1159 2067 1464 2134 serrum‚sedetiam
1488 2064 1677 2133 magistrum.
1697 2064 1731 2118 ln
1760 2064 1922 2136 ipsaenim

208 2140 305 2211 Quam
321 2155 392 2209 crgo
406 2138 588 2194 admirabilis
604 2144 648 2192 est
662 2136 872 2193 sanctissimus
898 2137 962 2202 tob,
984 2136 1034 2208 qui
1088 2142 1265 2197 necessitate
1283 2139 1409 2211 positus,
1421 2153 1481 2194 non
1497 2143 1612 2192 tantum
1628 2136 1658 2190 in
1676 2134 1730 2190 Dei
1746 2136 1859 2191 timore
1872 2137 1922 2190 du·

209 2218 279 2268 ante
292 2211 389 2291 legem
406 2211 509 2265 litteris
518 2210 639 2275 editam,
656 2209 837 2279 impetibus
854 2208 916 2263 Sitis
937 2223 1036 2263 exem·
1088 2212 1173 2277 ravit,
1188 2211 1392 2267 verumetiam
1405 2224 1528 2265 uxorem
1541 2208 1691 2262 contraria
1707 2214 1921 2277 suggerentem

209 2278 1036 2357 plariegrsostendit;uuilainhaccausaaliquusdo
1089 2285 1258 2356 increpans,
1270 2281 1381 2348 docuit,
1394 2280 1499 2336 omnia
1513 2294 1581 2350 quae
1595 2277 1656 2334 Deo
1692 2279 1922 2335 ermittentcac·

210 2362 352 2410 cumeuta
367 2353 521 2417 addicens,
537 2351 589 2407 sed
606 2360 714 2407 natura
727 2352 794 2423 ipsa
807 2349 1035 2415 duce,cuiDeus
1089 2355 1201 2418 cidunt,
1213 2350 1552 2419 sortitertolerandaUcb
1563 2365 1592 2415 u,
1610 2293 1704 2420 1405:
1720 2349 1805 2421 quod
1819 2348 1920 2405 adda.

205 2425 328 2498 justitire
339 2424 457 2479 semina
472 2425 480 2459 ¹
498 2421 671 2478 naturaliter
684 2423 783 2478 inesse
798 2420 938 2487 decrevit,
953 2422 1024 2477 Crea
1088 2426 1195 2498 plicam
1204 2441 1325 2498 poenam
1335 2420 1631 2493 pertinetimprovidi
1639 2428 1770 2484 satanae,
1782 2421 1859 2503 quia
1871 2435 1919 2476 nec

209 2497 264 2553 tori
286 2495 484 2552 reverentiam
504 2495 553 2564 pia
571 2494 726 2550 devotione
746 2491 901 2549 serravit?
921 2493 1037 2557 Quanta
1089 2498 1184 2554 euasit
1201 2496 1284 2570 quod
1299 2495 1400 2560 voluit,
1414 2498 1443 2550 et
1457 2509 1526 2548 cum
1542 2492 1610 2548 huic
1624 2491 1744 2557 inridit,
1761 2493 1842 2549 altos
1858 2491 1919 2547 fecit

209 2582 279 2635 ergo
294 2567 383 2623 laude
398 2566 508 2635 dignus
531 2571 584 2631 est,
597 2565 622 2619 ei
645 2566 756 2636 qrribus
769 2565 869 2619 verbis
880 2562 958 2619 iacta
971 2564 1036 2634 ejus
1088 2569 1204 2624 discere
1228 2566 1311 2639 quod
1340 2581 1395 2621 nec
1421 2567 1501 2621 hunc
1517 2563 1593 2619 scire
1616 2562 1750 2619 volebat.
1768 2565 1917 2629 Quantum

209 2638 340 2695 debeant
361 2637 470 2702 extolli,
484 2637 530 2691 cui
548 2651 608 2692 non
630 2642 698 2692 ante
718 2639 834 2703 Legem,
849 2650 947 2707 neque
969 2639 1036 2707 post
1088 2641 1168 2696 eninr
1186 2639 1280 2710 prosit
1294 2638 1415 2694 tentatio
1434 2637 1484 2692 Dei
1512 2634 1615 2699 servis,
1631 2638 1660 2691 et
1678 2633 1764 2690 obsit
1788 2634 1917 2696 diabolo,

209 2710 319 2781 Legem
335 2724 437 2780 parem
453 2705 780 2780 possumusiutenite?
797 2706 939 2772 Quamvis
954 2706 1035 2761 enim
1089 2712 1145 2767 hac
1161 2707 1588 2782 lectionepleniusedoceruur.
1603 2707 1675 2761 Cum
1691 2706 1777 2762 enim
1794 2715 1918 2778 putatae

209 2782 277 2854 quis
291 2786 394 2853 posset
404 2787 489 2850 gesta
501 2779 565 2850 ejus
576 2778 695 2844 imitari,
721 2782 895 2834 nontamen
917 2793 985 2832 cum
1001 2792 1036 2833 eo
1088 2797 1194 2838 nocere
1204 2783 1258 2846 eis,
1275 2783 1434 2853 promovet
1447 2794 1513 2844 00„
1530 2783 1558 2833 el
1572 2793 1643 2834 eum
1655 2792 1755 2832 unum
1770 2778 1918 2850 pmquj.

210 2851 410 2909 conterendus
425 2855 586 2921 est‚neque
601 2849 626 2904 ei
641 2849 748 2906 similis
760 2849 827 2920 jure
839 2849 1036 2904 dicetur.Non
1090 2857 1146 2919 tur,
1161 2854 1274 2910 multos
1290 2852 1329 2907 ad
1341 2852 1478 2907 virtutem
1497 2853 1649 2920 provocat.
1670 2848 1820 2905 Videntes
1846 2848 1919 2905 enim

210 2925 290 2981 enim
305 2928 484 2978 suumesset
520 2919 656 2976 uodtaiis
673 2920 838 2985 exstitisset,
854 2918 1037 2991 quiaexem·
1089 2925 1206 2981 auxiliis
1227 2923 1277 2979 Dei
1301 2923 1383 2979 nunc
1405 2920 1528 2993 protegi,
1556 2919 1641 2975 multi
1663 2919 1840 2976 imitatores
1861 2920 1920 2991 ejus

212 2995 477 3068 plumsecutusest
487 2937 629 3049 aqienum.
647 2991 883 3048 Sanctusautem
898 2990 955 3047 tob
966 3007 1035 3046 cum
1088 2997 1228 3052 existunt.
1242 2996 1370 3052 Lucrum
1380 3008 1451 3061 ergo
1463 2991 1566 3048 volens
1577 2990 1674 3047 iacere
1683 2991 1834 3060 perdidit.
1845 2992 1919 3048 Sem-

210 3066 284 3123 nihit
300 3066 356 3121 tale
369 3064 600 3136 vidisset,neque
609 3063 849 3120 involuminibus
862 3063 1035 3124 lectitasset,
1089 3069 1226 3139 peranlm
1235 3066 1316 3123 furor
1325 3066 1563 3135 ejusdamnosus
1575 3062 1665 3118 estei.
1680 3064 1849 3119 Nemeum
1864 3078 1921 3134 pen

212 3137 304 3194 talem
316 3153 348 3192 ³0
360 3135 504 3208 lttoeslittu
517 3142 547 3191 ut
559 3134 668 3191 nullius
678 3135 792 3207 aliquid
808 3135 838 3190 in
852 3149 883 3188 se
894 3133 1035 3190 collatum
1089 3139 1326 3212 sequiturjustos
1335 3153 1372 3192 ne
1383 3138 1586 3199 munerentur,
1600 3133 1759 3202 digniores
1769 3132 1901 3190 eosiacit
1913 3153 1920 3188 ι

209 3208 344 3276 haberet,
360 3205 412 3263 sed
438 3208 501 3281 ipse
515 3206 626 3262 ceteris
641 3206 799 3273 conferret,
816 3205 943 3261 formam
981 3221 1036 3260 rre-
1087 3216 1116 3267 et
1130 3227 1199 3266 cum
1210 3209 1321 3264 zelatur
1337 3205 1551 3271 sanctumiob,
1564 3204 1733 3286 duplicavit
1744 3205 1772 3262 ei
1785 3205 1920 3261 meritum

209 3278 675 3348 benemirebitiumgestorumad
688 3278 947 3346 Deumptomeren
973 3293 1033 3331 um.
1087 3281 1117 3338 in
1137 3282 1213 3337 coeto
1228 3288 1257 3336 et
1272 3282 1300 3336 in
1321 3286 1398 3336 terra
1419 3299 1425 3343 ;
1452 3279 1564 3350 quiaet
1583 3277 1631 3333 tue
1645 3282 1758 3332 auctus
1779 3281 1837 3343 est,
1854 3283 1882 3333 et
1895 3277 1921 3330 in

212 3353 309 3417 Quare
321 3349 645 3406 etDomiuiteetimonio
656 3347 1033 3404 commendaturdicentis:
1086 3353 1167 3409 coelis
1193 3368 1262 3408 cum
1278 3351 1429 3408 Salvatore
1442 3354 1578 3420 receptus
1597 3363 1604 3411 ;
1625 3353 1657 3403 ut
1682 3346 1745 3404 iste
1759 3350 1867 3404 omnia
1884 3346 1920 3403 ad

210 3419 807 3491 Animadvertietiadpeercmtaeamtot‘t
830 3418 947 3474 Nonect
964 3419 1035 3475 esim
1088 3428 1262 3480 sanctorum
1295 3422 1452 3494 proficiant
1479 3419 1616 3490 gloriam,
1639 3417 1677 3474 ad
1707 3419 1830 3476 diaboli
1857 3432 1922 3475 vero

210 3494 309 3550 cimilia
322 3496 348 3548 ei
358 3494 501 3564 quicquam
515 3491 544 3545 ia
566 3491 647 3545 terris
660 3506 740 3545 cerua
763 3489 809 3544 dei
825 3489 916 3545 cultor
928 3490 1000 3561 (tet.
1015 3507 1034 3555 1,
1087 3509 1220 3570 poenam.

210 3565 252 3637 8).
272 3566 342 3631 Quis
357 3570 472 3620 tantum
487 3563 580 3633 potuit
595 3560 824 3632 promereri,cui
835 3560 891 3617 tale
905 3562 1035 3617 testimo·
1435 3579 1468 3618 na
1486 3577 1576 3618 roan.

212 3638 295 3692 nium
311 3635 454 3691 domiuus
469 3632 705 3705 perhiberet‚nisi
719 3632 827 3704 hicqui
840 3633 1036 3688 nonimitator
1125 3636 1200 3693 dxiii
1214 3635 1266 3707 (c).
1284 3666 1316 3676 -
1336 3637 1431 3690 Tanta
1445 3631 1634 3706 providentia
1654 3636 1702 3688 est
1729 3631 1855 3688 Domini
1876 3629 1921 3686 bei

211 3706 371 3769 invenitur,
387 3705 439 3760 sed
455 3709 557 3760 auctor
570 3720 673 3760 eorum
718 3719 762 3759 use
780 3705 894 3776 gessit?
911 3703 993 3760 Unde
1009 3709 1037 3760 et
1089 3707 1168 3764 circa
1183 3723 1250 3772 nos,
1267 3713 1298 3763 ut
1312 3721 1412 3762 errare
1428 3721 1483 3762 noe
1495 3703 1613 3768 nolens,
1625 3710 1654 3758 et
1671 3703 1774 3775 legem
1786 3709 1819 3758 et
1829 3719 1921 3759 exem·

211 3794 299 3834 verus
310 3778 357 3832 {tei
372 3776 467 3831 cultor
478 3775 630 3830 asseritur.
649 3719 732 3830 Nessa
746 3776 824 3830 enim
841 3776 1037 3846 potestsimu·
1090 3779 1141 3849 pla
1155 3780 1306 3835 bonorum
1325 3793 1451 3849 operum
1472 3775 1567 3842 daret,
1595 3773 1711 3847 quibus
1737 3776 1880 3830 modesta
1898 3778 1922 3828 et

210 3848 282 3904 letio
295 3845 505 3902 commentitie
522 3847 652 3901 veritatis
666 3846 696 3901 in
706 3862 741 3902 eo
752 3846 856 3913 videri,
869 3847 920 3918 qui
932 3852 1037 3903 antese
1091 3850 1252 3922 tranquilla
1265 3849 1312 3919 agi
1330 3849 1562 3920 possitvitacum
1578 3846 1628 3901 Dei
1639 3847 1761 3901 timore.
1775 3847 1835 3912 Qui
1850 3846 1923 3902 enim

211 3934 272 3974 non
288 3918 378 3974 habet
391 3917 491 3973 tatem.
514 3918 616 3973 Omnis
629 3916 869 3989 enimquifingit.
885 3918 942 3974 hoc
955 3917 1039 3986 fingit
1091 3930 1195 3978 auctor
1221 3921 1287 3976 vitoe
1303 3926 1356 3986 est,
1377 3934 1438 3975 non
1453 3918 1513 3973 vult
1525 3917 1626 3988 utique
1639 3932 1720 3986 opus
1737 3934 1831 3973 suum
1844 3912 1923 3973 morti

212 3988 296 4061 quod
309 3987 566 4043 cernitcrirnitari.
580 3990 611 4043 Et
623 3988 671 4042 his
681 3995 779 4043 tamen
791 3989 932 4044 omnibus
946 3991 1036 4059 potio·
1091 4008 1156 4048 esse
1171 3992 1347 4048 obnoxium.
1357 3989 1503 4057 Quamvis
1517 3996 1624 4044 natura
1638 3987 1709 4059 ipsa
1723 3987 1870 4057 legionen
1880 4002 1923 4042 ex·

212 4076 247 4117 ra
261 4064 410 4132 suntque
425 4059 574 4115 dicuntur.
592 4059 624 4114 ln
640 4059 687 4114 his
708 4060 788 4114 enim
803 4059 942 4116 laudibus
958 4059 1039 4116 nulla
1092 4060 1922 4137 perseit·,temenquiaDominusbonusetmisericoraest,

212 4130 644 4203 probamentatribulatiounm
654 4128 781 4196 inerunt,
791 4130 1037 4203 sedpropositum
1093 4140 1124 4190 ut
1135 4135 1232 4204 major
1242 4135 1459 4190 notitiaeorum
1473 4138 1628 4204 essetque
1643 4131 1821 4201 sequenda,
1836 4130 1923 4187 etitlo

213 4206 273 4260 lieo
291 4202 424 4258 dicatum
438 4203 468 4258 in
479 4202 620 4258 exercitio
630 4206 660 4256 et
675 4201 936 4258 observationibus
952 4218 1040 4258 cons·
1092 4222 1236 4277 rumque
1248 4205 1454 4266 vitandasunt.
1464 4203 1565 4258 litteris
1579 4209 1607 4257 ct
1622 4202 1775 4273 exemplis
1788 4200 1921 4263 ostendit,

213 4275 347 4332 titutum:
364 4273 447 4356 quod
463 4273 534 4345 qnia
544 4272 583 4328 ad
594 4288 737 4328 coronam
752 4273 925 4330 meritorum
942 4279 1041 4329 tenta·
1061 4274 1063 4278 '
1093 4277 1398 4349 sioutproesenslectio
1410 4280 1541 4331 testatur,
1552 4274 1680 4342 [teiergo
1695 4273 1835 4330 famulus
1848 4288 1922 4329 sanc·

213 4345 271 4402 tori
285 4360 345 4400 non
358 4360 455 4399 usum
471 4351 512 4400 est
529 4343 661 4415 pienum,
673 4344 757 4469 Rem
782 4349 813 4400 ut
825 4346 1041 4416 permitteretur
1095 4348 1255 4405 tusl'obias
1267 4356 1332 4421 post
1342 4347 1439 4414 legem
1449 4345 1621 4417 exemplum
1633 4344 1825 4401 nobisdatus
1834 4352 1887 4407 est,
1898 4345 1923 4397 ui

214 4417 241 4474 ci
255 4415 382 4472 diversis
395 4415 606 4471 tentationibus
621 4430 675 4488 pro
700 4431 750 4471 are
763 4417 828 4486 ejus
840 4417 986 4488 justitiam
992 4423 1043 4486 ‚·ut
1093 4435 1162 4492 quaa
1177 4418 1318 4489 legimus,
1332 4417 1487 4490 quomodo
1497 4416 1581 4477 fiant.
1606 4417 1768 4482 sciarnns;
1790 4424 1821 4473 et
1837 4418 1861 4471 si
1871 4424 1923 4471 ten·

216 4488 246 4544 in
261 4487 361 4543 multis
381 4489 557 4544 constrictus
570 4486 679 4543 alicubi
689 4486 822 4554 haereret,
832 4494 861 4544 et
871 4494 1042 4560 possetmo·
1094 4491 1221 4547 tationes
1236 4490 1420 4554 advenerint,
1438 4506 1456 4544 u
1471 4488 1521 4544 Dei
1538 4487 1644 4543 timore
1660 4502 1724 4542 non
1741 4487 1922 4547 recedamus,

215 4559 289 4614 dum
311 4560 464 4614 excedere.
481 4559 554 4620 Quia
565 4558 603 4615 ad
614 4558 671 4613 hoc
683 4560 781 4614 soient
793 4559 987 4629 peccantibus
999 4558 1041 4614 di·
1095 4558 1472 4633 nequaauxiliumaiiunde
1484 4574 1576 4630 quam
1586 4559 1625 4613 ab
1638 4573 1675 4614 eo
1692 4575 1865 4630 speremus,
1873 4571 1922 4612 me·

216 4644 309 4685 rerem
317 4629 532 4700 poenreiuferri,
543 4629 958 4702 utqnianemoomninpotest
969 4632 1042 4685 terre
1096 4648 1193 4688 mores
1209 4635 1354 4704 scriptum
1365 4647 1441 4694 esse,
1457 4631 1578 4686 Perittua
1593 4629 1652 4698 fei,
1670 4630 1777 4685 etenira
1795 4629 1922 4695 recalet

218 4703 381 4765 tormenta,
397 4700 510 4772 aliquid
525 4699 744 4756 illorumeiiciat
756 4701 918 4758 civeritatis
930 4700 1043 4757 confes·
1095 4704 1304 4775 acmuamcida'
1314 4704 1418 4774 juetam
1445 4701 1603 4757 derelictam
1618 4716 1666 4756 aec
1685 4704 1923 4774 semeaejeeqeae·

217 4771 647 4843 sionem.1taquepermissum
661 4773 848 4828 esttentatori
864 4774 968 4829 omnia
979 4773 1043 4843 ejus
1095 4792 1166 4831 rcere
1177 4792 1274 4847 ponem
1289 4775 1373 4847 (Psoi.
1386 4789 1482 4838 xxxvi,
1497 4772 1553 4844 25).
1571 4774 1737 4844 Nunquam
1750 4788 1827 4843 ergo
1835 4768 1921 4840 decipi

217 4841 1040 4914 exterminareetperdere,usqueadmortemfitinrum:
1096 4853 1203 4918 potest,
1220 4845 1269 4918 qui
1284 4851 1345 4902 tota
1363 4849 1462 4902 mente
1482 4848 1581 4917 sperat
1611 4842 1642 4898 in
1670 4845 1782 4899 [teum.
1800 4844 1878 4899 Licet
1891 4840 1921 4895 ui

219 4918 251 4970 ut
266 4912 288 4968 si
296 4912 443 4968 danicum
458 4911 546 4968 terret
561 4913 664 4977 boum,
684 4913 783 4969 ovium
793 4929 853 4970 non
869 4915 956 4970 ferret
971 4932 978 4981 ;
992 4921 1043 4971 aut
1096 4924 1214 4989 tempus
1227 4917 1432 4974 tribulationes
1440 4920 1512 4971 erim
1524 4913 1633 4971 luerint
1647 4929 1703 4986 per
1714 4914 1849 4972 insidias
1858 4918 1921 4969 sata·

217 4985 243 5040 si
256 4990 284 5040 et
299 4985 401 5040 orium
412 4984 508 5047 terret,
522 4984 904 5042 camelorumamissionem
922 4986 1043 5042 nonfer·
1097 5005 1153 5053 nm,
1169 4989 1307 5060 exempla
1320 5004 1376 5044 uos
1390 4989 1498 5043 docent
1512 4991 1688 5042 sanctorum
1709 4985 1858 5051 virorum,
1871 4996 1919 5039 nou

216 5062 377 5128 ret,neque
390 5071 543 5110 serrorum
557 5059 609 5111 aut
622 5055 710 5111 totius
725 5056 920 5124 substantiam
935 5062 985 5113 aut
1007 5058 1042 5125 si,
1094 5059 1254 5116 haecaDec
1264 5057 1748 5132 permitti,nisiadincrementum
1756 5060 1919 5114 meritorum

217 5127 291 5200 quia
309 5127 432 5196 grandis
447 5127 539 5183 animi
553 5131 616 5182 erat
630 5132 658 5181 et
671 5128 742 5182 setis
763 5144 852 5184 merae
866 5128 1042 5195 devotionis,
1096 5137 1284 5190 nostrorum:
1299 5130 1371 5204 quia
1387 5131 1411 5185 si
1427 5145 1514 5201 equo
1524 5128 1627 5184 animo
1644 5126 1760 5184 luerint
1777 5128 1919 5200 baiulatoe,

217 5198 266 5255 his
279 5198 422 5256 omnibus
440 5213 497 5253 non
513 5198 688 5264 vinceretur,
704 5204 782 5255 certe
793 5199 838 5256 vel
851 5199 959 5256 affectu
972 5200 1045 5256 cha·
1095 5202 1144 5258 hic
1156 5202 1244 5259 nobis
1258 5202 1378 5258 dabitur
1390 5199 1554 5257 consolatio
1567 5215 1638 5255 cum
1652 5197 1775 5266 effectu,
1793 5208 1822 5256 et
1845 5200 1871 5254 in
1885 5194 1919 5277 iu

217 5269 321 5331 ritatis.
341 5275 466 5339 cogente
480 5268 666 5339 frangeretur
680 5275 774 5326 morte
802 5271 892 5328 simul
906 5272 1042 5328 omniurn
1096 5275 1232 5330 turovita
1243 5277 1429 5329 aeternacum
1439 5272 1543 5340 gloria.
1561 5271 1733 5327 Deusenim
1746 5277 1919 5340 nosterque

218 5340 359 5398 filiorum.
383 5341 439 5398 Sed
468 5341 540 5412 quia
555 5346 623 5396 ante
648 5339 743 5410 legem
770 5342 890 5410 editam,
906 5342 1000 5415 legem
1013 5343 1041 5398 in
1093 5344 1194 5416 justus
1210 5350 1264 5410 est,
1280 5349 1308 5400 et
1323 5342 1661 5415 personarumacceptio
1676 5343 1765 5414 apud
1781 5340 1918 5399 iliumnon

219 5411 308 5468 corde
321 5428 376 5467 suc
385 5413 526 5484 scriptam
541 5411 683 5471 habebat.
699 5412 780 5469 nulla
803 5413 927 5480 damna,
946 5430 1044 5487 neque
1096 5428 1140 5472 est
1156 5416 1243 5486 (Rom.
1265 5431 1295 5481 u,
1316 5417 1343 5470 tl
1361 5456 1369 5479 ,
1387 5413 1492 5470 tentari
1520 5428 1577 5468 nos
1598 5414 1759 5484 permittit,
1785 5416 1857 5488 quia
1871 5422 1916 5466 not

220 5481 611 5540 orbitatesminoremillum
627 5483 656 5538 in
669 5483 720 5539 Dei
731 5484 889 5541 devotione
901 5485 1042 5551 iecerunt,
1096 5487 1201 5557 diligit,
1223 5491 1255 5543 ut
1269 5492 1335 5560 post
1359 5486 1483 5541 aborem
1499 5483 1699 5557 possitnobis
1718 5486 1845 5558 praemia
1857 5480 1916 5537 dan

223 5555 256 5605 ut
267 5551 394 5608 formam
405 5554 538 5611 daretad
555 5557 646 5611 [teum
663 5561 767 5613 extoto
783 5556 971 5630 cordeeuper
982 5574 1045 5613 om·
1127 5587 1135 5619 ι
1151 5586 1180 5634 1„
1192 5585 1271 5635 editis
1284 5584 1368 5645 dmg
1383 5583 1441 5639 Μ,
1457 5581 1530 5647 quod
1543 5582 1700 5635 mmmm„
1713 5598 1746 5635 Θ,
1764 5583 1815 5634 1,,
1827 5580 1915 5633 0011„

252 5640 260 5672 ¹
277 5637 553 5699 Editi,acmea.l1ea.,
570 5644 677 5693 semino.
1098 5648 1167 5698 tino.

252 5700 288 5765 (cl
305 5697 382 5751 Deest
392 5702 420 5756 in
434 5703 496 5755 use.
510 5705 621 5757 secundi
638 5706 757 5770 generis.
1129 5712 1166 5775 (cl
1178 5709 1258 5761 Deest
1272 5710 1300 5760 in
1317 5709 1378 5761 iles.
1395 5706 1506 5761 secundi
1520 5707 1639 5774 geuene.
