3952 6150
118 184 190 245 2349

115 309 301 371 occulteille
316 310 475 367 inhonesta
500 316 529 367 et
556 309 655 383 turpia
682 310 892 385 relinquentes,
919 317 949 369 et

116 383 275 458 quomodo
290 397 342 454 per
362 383 564 453 ignorantiam
580 382 660 439 illusi
681 386 739 439 sint
762 385 946 441 confitentes.

116 460 199 514 Turio
219 457 299 511 enim
310 453 494 526 jampridem
509 470 614 511 omnes
629 471 723 527 prope
735 456 766 510 iu
785 456 842 511 hoc
857 461 948 511 verte-

117 531 229 585 bantur
242 542 342 582 errore
354 532 382 581 et
394 526 506 582 idcirco
521 525 576 581 sibi
586 525 749 598 prudentes
759 526 945 592 ridebantur,

116 602 190 672 quia
205 598 257 670 qui
271 598 500 669 reprehenderet
515 613 575 653 non
587 603 659 654 eret.
675 599 751 654 Nem
792 613 946 670 iiauquarir

118 614 946 752 omneserrercutsubuncialiacisnomiueidololatriae,

116 756 327 813 uuusquisque
341 747 441 797 tamen
453 747 538 811 Juxta
548 756 647 797 mores
661 756 733 796 suos
755 748 783 795 et
793 756 946 798 converse·

117 816 232 870 tionem
242 812 393 869 ordinarit
401 811 560 881 culturam,
573 818 605 868 ut
615 828 693 868 unus
705 827 786 868 error
795 812 948 867 diversita-

117 892 178 941 tem
193 884 317 941 heberet
331 900 368 939 ex
384 883 566 955 turpitudine
584 890 612 940 et
630 884 853 940 conversatione
878 899 947 940 euc-

118 963 229 1014 torum.
244 954 468 1027 neniqiiesscrs
501 972 546 1011 ure
553 955 650 1011 Liberi
662 962 780 1019 vocant,
791 956 948 1012 inhoneste

116 1034 146 1085 et
162 1028 326 1084 vanissima
339 1030 411 1082 suut
422 1030 450 1082 el
465 971 553 1098 pffene
576 1027 693 1083 furoris.
721 1026 840 1083 Dilticile
866 1025 945 1082 enim

118 1100 257 1171 impurus
267 1114 328 1154 non
342 1097 506 1153 iracundus
521 1101 566 1154 est
582 1097 732 1170 :denique
749 1098 861 1170 ubique
877 1114 946 1154 cum

118 1172 224 1243 Priapo
251 1170 388 1242 depictus
414 1169 573 1239 invenitur,
602 1184 672 1225 cum
699 1184 761 1240 quo
790 1170 947 1225 inhoneste

116 1243 247 1299 virebat.
265 1245 324 1297 lloc
344 1240 436 1296 modo
449 1244 519 1295 sunt
540 1246 684 1296 etcoetera
713 1256 798 1295 sacra
817 1257 945 1299 eorum:

118 1315 174 1369 sed
199 1318 230 1369 ut
244 1313 354 1385 posteri
368 1311 416 1367 his
430 1312 651 1367 inventionibus
665 1318 852 1382 caperentur,
878 1311 947 1367 sub

116 1384 222 1441 tilitate
237 1389 267 1440 et
286 1384 395 1439 astutia
419 1382 529 1439 lactum
555 1390 599 1440 est
621 1389 732 1439 catanis
749 1400 755 1438 :
770 1398 947 1454 quanquam

117 1472 180 1512 nou
197 1456 261 1512 siue
275 1456 343 1511 ilius
358 1454 483 1510 consilio
500 1456 555 1510 ista
573 1455 693 1510 inventa
717 1464 787 1509 sunt
799 1470 806 1519 ;
820 1455 947 1509 inventis

116 1532 221 1583 tamen
230 1527 370 1598 siugulis,
381 1526 654 1597 aspersitquaedam
662 1525 813 1597 prestigia,
825 1540 947 1596 perquer

115 1598 239 1655 illiceret
253 1598 391 1654 homines
407 1598 446 1653 ad
460 1613 601 1653 errorem.
622 1599 655 1653 Et
670 1596 712 1652 sic
726 1596 838 1652 lactum
860 1605 902 1651 est
917 1601 948 1651 ut

117 1686 173 1742 per
185 1670 335 1726 traducem
348 1668 532 1741 antiquitatis
542 1668 805 1724 commendaretur
818 1667 947 1731 fallacia,

118 1746 148 1796 et
160 1748 351 1798 excusaretur
366 1741 460 1811 turpis
472 1739 614 1796 inventio.
631 1742 683 1795 Per
698 1738 947 1794 consuetudinem

116 1813 199 1869 enim
215 1814 303 1885 coepit
324 1827 385 1868 non
405 1817 490 1884 turpe
520 1812 623 1879 videri,
656 1816 736 1883 quod
763 1809 846 1867 turde
874 1816 946 1865 eret.

118 1886 194 1940 Nem
207 1901 275 1940 cum
285 1883 520 1939 dehonestantur
528 1883 619 1965 aliqui
630 1898 637 1948 ;
649 1882 747 1954 primo
757 1881 946 1946 erubescunt,

117 1962 224 2026 postea
232 1955 403 2012 blandiente
410 1956 637 2020 consuetudine,
654 1952 871 2024 receditpudor
886 1969 948 2007 nlti-

117 2032 180 2083 tata
195 2027 300 2092 ironte,
313 2027 463 2098 praecipue
478 2026 502 2081 si
515 2025 623 2081 multos
639 2024 761 2080 rideant
776 2024 857 2080 tales.
873 2026 948 2079 Nam

117 2104 251 2170 qiirestus
267 2098 457 2170 turpitudinis
473 2102 543 2152 tuuc
558 2102 611 2162 est,
627 2096 751 2169 quando
763 2095 782 2150 ii
798 2095 850 2176 qui
866 2094 948 2150 uobi-

116 2167 161 2224 lcs
180 2171 330 2239 dicuutur,
349 2169 540 2225 dehonestari
569 2169 707 2223 videntur
735 2164 842 2223 :facile
867 2166 947 2222 enim

118 2240 284 2298 imitatores
315 2241 426 2296 invenit
454 2241 612 2295 honestata
635 2238 798 2294 nobilitas..
822 2238 849 2294 Si
876 2252 947 2306 ergo

117 2311 183 2382 J‘am
207 2328 295 2384 porro
310 2312 426 2385 pridem
440 2316 562 2383 propter
576 2311 633 2366 hoc
654 2310 814 2381 prudentes
829 2308 885 2364 sibi
907 2307 949 2362 vi·

117 2382 280 2456 debentur,
301 2383 373 2455 quia
387 2383 434 2438 cui
448 2383 528 2438 loeda
542 2381 671 2437 inventio
691 2381 755 2436 brec
769 2379 946 2452 displiceret,

121 2468 184 2511 non
197 2460 259 2512 erat
274 2474 281 2527 ;
294 2469 375 2510 nunc
388 2454 460 2526 quia
479 2454 530 2509 Dei
553 2453 757 2508 misericordia
769 2451 948 2507 illustratum

120 2533 165 2585 est
191 2541 285 2598 genus
304 2525 483 2589 humanum,
498 2531 527 2580 et
540 2524 724 2580 declaratum
745 2524 857 2578 crimen
883 2536 949 2577 esse

118 2599 203 2676 quod
218 2613 273 2670 pro
294 2597 359 2667 lege
383 2596 570 2661 credebatur,
594 2594 717 2651 stultum
741 2600 840 2650 autem
866 2592 949 2666 quod

142 2672 281 2726 utebatur
296 2667 454 2740 prudentie
468 2669 623 2723 inventum
639 2666 703 2734 ;vel
720 2665 759 2721 ab
775 2664 832 2720 hac
845 2663 948 2737 appel·

119 2690 230 2801 {itione
255 2740 540 2805 cessaredeberent,
564 2753 741 2811 permanere
760 2736 893 2792 nolentes
919 2737 949 2790 in

119 2816 237 2873 detecto
252 2812 385 2877 crimine,
401 2815 617 2882 cognoscentes
632 2823 742 2865 nomen
764 2807 917 2934 sapientie
932 2821 948 2862 a

120 2903 154 2943 se
169 2885 300 2941 alienum
317 2897 391 2938 csse.
409 2882 464 2938 Sed
479 2885 509 2936 ut
529 2880 643 2936 addent
657 2880 695 2935 ad
711 2895 801 2935 cumu
816 2894 865 2933 um
881 2892 950 2933 con·

119 2955 259 3016 fessionis
274 2971 336 3010 suae
352 2952 516 3015 stultitiam,
534 2954 563 3007 in
577 2951 698 3008 stultitia
712 2949 889 3021 deprehensi
901 2963 949 3003 rc-

120 3032 193 3087 caut
210 3026 320 3089 latnos,
343 3040 361 3080 a
385 3025 495 3097 quibus
522 3023 748 3079 convincuntur.
776 3020 832 3077 Sed
858 3020 950 3076 iidem

121 3106 257 3158 nostram
279 3102 308 3153 et
330 3096 534 3169 posteritatem
557 3099 719 3160 accusuut;
737 3093 766 3148 in
795 3090 950 3173 praeceptis

121 3178 293 3230 autemnon
309 3173 420 3238 negant
435 3166 507 3223 nihil
525 3181 612 3238 posse
634 3163 822 3238 reprehendi.
846 3164 901 3228 Qui
918 3162 951 3217 li-

119 3238 950 3307 damnostrainaccusant,nonmagiscontranos,quam

120 3320 226 3374 contra
245 3319 397 3368 auctorem
421 3317 557 3365 nostrum
582 3309 758 3379 suscipiunt.
786 3309 844 3363 Nos
870 3306 950 3361 enim

121 3385 240 3451 stultos,
255 3381 402 3510 quiquasi
411 3383 450 3436 rei
463 3381 552 3437 lature
568 3380 658 3435 fidem
667 3378 839 3435 dederimus
849 3392 856 3432 :
867 3376 951 3432 ilium

120 3461 223 3514 autem
243 3469 311 3510 meu
336 3469 419 3510 acern
435 3457 462 3508 et
487 3454 763 3516 circumventorem,
787 3464 905 3505 necnon
924 3452 952 3504 et

122 3529 310 3586 malitiosum
331 3525 536 3598 pronuntiant,
555 3523 606 3596 qui
627 3522 717 3578 tidem
744 3519 873 3576 truderet
901 3534 954 3592 per

122 3616 217 3674 quem
233 3597 451 3668 deciperemur.
473 3594 630 3651 Credentes
644 3609 715 3663 ergo
728 3592 811 3664 prius
822 3607 882 3647 non
898 3606 953 3646 nos

122 3672 212 3728 stulte
223 3668 387 3726 credidisse
402 3668 577 3739 probemus
596 3665 703 3720 deinde
718 3679 844 3719 causam
860 3662 953 3718 acturi

128 3742 269 3800 auctoris.
286 3741 360 3796 Cum
376 3739 405 3793 in
425 3753 523 3794 errore
545 3737 722 3805 degeremus
735 3735 767 3789 in
792 3750 854 3806 quo
874 3748 954 3788 nunc

128 3818 253 3871 manent
266 3812 388 3881 Pagaul,
400 3810 490 3866 nullis
503 3809 645 3865 virtulum
659 3807 753 3877 signis
764 3806 890 3869 attracti,
902 3804 953 3860 sed

128 3886 220 3943 nudis
239 3884 337 3939 rerbis
353 3897 421 3954 quie
442 3897 525 3937 secra
547 3883 654 3936 vocant
668 3877 867 3950 percepimus,
892 3890 956 3948 pro·

127 3948 955 4028 desseputentes‚uonquoddivinitascomrneudeveret,

127 4029 181 4084 sed
191 4027 272 4153 qpod
281 4030 364 4081 vetus
373 4022 729 4080 consuetudotradiderat
739 4039 745 4077 ε
757 4021 785 4075 in
793 4019 955 4092 qualqucd

127 4116 190 4157 non
217 4100 286 4169 atet)
300 4096 424 4152 diversis
441 4095 521 4152 illusi
536 4095 727 4158 vanitatibus,
741 4092 855 4147 nullam
871 4106 956 4162 spem

128 4171 234 4228 salutis
258 4169 466 4238 cognorimus.
483 4167 559 4234 Quid
574 4166 654 4221 enim
679 4169 794 4236 poterat
837 4164 957 4218 rodesse

126 4259 176 4299 res
190 4241 230 4298 eb
242 4239 416 4297 hominibus
432 4238 554 4293 iuventa
567 4237 581 4291 i
593 4239 628 4293 Ut
643 4244 742 4293 autern
756 4235 793 4291 ad
827 4234 896 4289 dem
908 4233 957 4288 bei

127 4314 353 4376 accederemus,
369 4315 398 4366 et
412 4311 515 4366 Filium
527 4311 592 4380 ejus
604 4308 792 4365 incarnatum
806 4311 834 4361 et
844 4303 958 4383 crucili-

127 4402 202 4442 xum
228 4385 430 4447 crederemus,
446 4397 506 4438 non
523 4379 620 4436 verbis
650 4394 774 4435 suasum
788 4382 832 4433 est
858 4376 957 4440 nobis,

128 4458 181 4513 sed
197 4456 297 4512 rebus.
313 4454 448 4510 Vidimus
462 4455 541 4508 enlin
562 4456 695 4507 mortuos
720 4450 886 4527 suscitatos,
916 4447 959 4503 lc·

129 4544 236 4601 prosos
255 4526 429 4590 mundatos,
457 4540 536 4580 coeco
565 4528 634 4578 nelo
661 4520 765 4578 oculos
796 4522 957 4584 restitutos,

128 4593 958 4669 diemouiaejecta,etsimulomnesinfirmitatescuretes.

128 4674 213 4728 Nunc
234 4669 358 4744 quando
374 4667 453 4723 stulti
468 4666 579 4723 luimus
597 4665 765 4737 judicetur;
779 4679 848 4719 cum
870 4662 959 4717 nudis

128 4743 227 4799 verbis
245 4740 439 4808 credidimus,
454 4745 506 4795 aut
520 4754 589 4794 cum
605 4737 694 4792 rebus
708 4735 800 4792 iSiue
813 4735 908 4790 dubio
929 4749 960 4788 c·

129 4815 193 4870 nim
216 4827 262 4869 res
277 4819 346 4868 ante
365 4811 456 4867 rerba
476 4814 563 4882 suut;
575 4810 688 4889 quippe
709 4823 778 4862 cum
795 4806 896 4887 adres
920 4804 960 4859 si·

129 4883 319 4957 guilicandes
336 4884 456 4939 inventa
471 4883 538 4937 siut.
560 4880 590 4935 Si
610 4896 678 4949 ergo
692 4879 841 4933 traditioni
856 4876 960 4931 huma·

129 4973 187 5021 nie,
205 4956 289 5012 nulle
304 4955 447 5011 suadente
459 4954 578 5018 virtute,
590 4967 657 5023 quae
665 4948 834 5005 illudendas
845 4951 959 5002 mentes

129 5027 289 5085 bominum
320 5027 441 5082 inventa
470 5030 523 5089 est,
544 5023 632 5078 tidem
666 5021 805 5077 dedimus
826 5024 959 5090 :quanto

129 5090 960 5171 megishuic,quamdiviuametdeificemomniasigua

127 5187 197 5244 qum
218 5172 311 5226 lleum
327 5170 478 5234 invocant,
495 5170 700 5223 contestentur
714 5163 729 5219 i
742 5166 844 5220 Nonne
868 5161 960 5230 digne

129 5242 211 5299 stulti
227 5241 444 5311 judicaremur,
461 5241 484 5294 si
500 5237 659 5295 virtutibus
674 5250 735 5291 non
756 5234 958 5313 crederemus,

129 5314 183 5388 qui
198 5312 390 5369 sermonibus
403 5310 627 5367 credideramus
637 5307 652 5364 i
661 5310 763 5364 Nonne
775 5302 960 5361 rationabili-

128 5390 174 5442 ter
189 5383 349 5455 improridi
364 5389 393 5439 et
403 5381 563 5438 inconsulti
575 5387 757 5443 notaremur,
775 5376 798 5431 si
810 5376 960 5457 advocan3

130 5463 192 5512 tem
225 5470 312 5526 spem
341 5470 403 5511 nou
432 5468 638 5527 sequeremur,
672 5450 723 5523 qui
759 5449 959 5520 desperationi

130 5527 287 5584 lueremus
302 5524 444 5583 obnoxii?
458 5525 641 5591 Sed,aiunte
656 5526 774 5602 contre,
787 5519 961 5574 stultumest

129 5597 363 5672 quodcreditur.
374 5597 438 5654 Non
451 5591 798 5656 enimrationisubsistii,
807 5590 960 5647 Deumha·

129 5670 202 5727 bere
217 5670 322 5727 Filium
334 5690 341 5738 ς
353 5683 451 5741 neque
466 5672 603 5725 emortua
617 5669 645 5722 et
659 5662 807 5720 dissolute
833 5675 961 5745 corpora

129 5757 237 5801 rursus
256 5740 532 5817 reparariposseed
542 5737 648 5798 ritem.
665 5738 776 5794 Omnes
788 5730 961 5809 philosophi

875 184 1067 246 Arrnumx.

1756 198 1827 259 2350

1003 318 1033 370 et
1047 317 1194 371 sectarum
1203 313 1506 373 inventoresdiversis
1516 317 1769 392 disputationibus
1784 324 1828 382 in·

1003 386 1097 442 vicem
1106 401 1137 441 se
1151 385 1359 451 confoderunt,
1373 388 1519 445 nullnsed
1530 389 1825 464 elterumtrensiens;

1002 456 1075 528 quin
1090 457 1296 539 unusquisque
1312 457 1343 514 ln
1359 474 1419 530 quo
1434 460 1569 517 iinbutiis
1588 461 1693 531 luerat,
1711 481 1826 537 parma·

1002 527 1102 583 nebat.
1121 529 1174 584 Per
1188 528 1218 583 id
1234 529 1314 585 enim
1352 530 1412 585 uod
1425 530 1515 588 rerba
1533 533 1757 593 contradictioni
1772 537 1826 594 ob·

1003 600 1094 655 noxia
1110 605 1188 670 sunt,
1203 599 1303 657 nullus
1350 606 1445 657 terum
1471 603 1645 675 superabat.
1662 610 1725 663 Non
1745 608 1826 665 enim

1001 675 1065 725 erat
1077 671 1156 753 uude
1171 672 1277 753 sequis
1290 672 1429 728 rictorem
1443 674 1621 742 ostenderet,
1630 677 1683 733 sed
1698 678 1827 736 invicem

1003 741 1288 799 contradictionibus
1299 760 1330 799 se
1338 743 1506 814 fatigantes,
1522 747 1645 804 minime
1660 748 1827 807 alteralteri

1001 813 1214 894 persuadebat.
1232 814 1305 869 llinc
1319 813 1431 871 lactum
1446 821 1493 872 est
1512 825 1544 874 ut
1560 818 1608 874 Dei
1628 819 1825 891 providentie,

1002 899 1087 954 cuius
1103 900 1213 965 sensus
1228 886 1398 955 investigari
1414 902 1475 943 non
1488 894 1594 960 potest,
1623 891 1827 961 predicationi

1003 972 1066 1035 suis
1081 961 1219 1012 virtutem
1235 957 1419 1029 adjungeret,
1435 963 1465 1014 ut
1483 960 1591 1016 veritas
1606 962 1827 1032 predicationis

1001 1027 1115 1107 virtutis
1132 1029 1301 1084 testimonio
1319 1029 1513 1099 probaretur;
1529 1035 1562 1087 ut
1575 1033 1627 1104 qui
1638 1032 1738 1089 verbis
1753 1051 1826 1091 con-

1002 1098 1145 1154 tradicere
1161 1099 1255 1168 parati
1270 1105 1364 1164 erant,
1376 1101 1510 1157 videntes
1525 1102 1664 1159 virtutem
1678 1106 1826 1165 contradi·

1002 1183 1066 1224 cere
1082 1184 1142 1225 uon
1153 1170 1308 1227 auderent.
1323 1173 1394 1235 Quae
1418 1171 1498 1227 cuim
1514 1174 1612 1244 major
1627 1177 1734 1247 poterit
1761 1193 1792 1233 es

1002 1239 1172 1321 tes'tilicatio
1186 1240 1327 1322 veritatis,
1339 1258 1433 1313 quem
1446 1246 1632 1315 estoperetio
1641 1247 1755 1303 virtutis
1767 1247 1782 1304 l
1795 1191 1830 1304 ἔοι

1001 1326 1070 1383 quis
1081 1314 1790 1384 eutemoperavirtutumdenegelaccusansScri
1814 1349 1827 1361 ·

1002 1387 1094 1445 tures,
1110 1382 1266 1455 quomodo
1278 1383 1512 1465 poteritstultem
1528 1386 1618 1442 iidem
1634 1395 1767 1446 nostram
1783 1332 1828 1447 ‹fr-

1002 1468 1068 1508 cere
1083 1454 1237 1524 denegans
1250 1454 1419 1526 Scripturas
1434 1456 1448 1511 ‘i
1463 1457 1516 1512 Ubi
1527 1458 1606 1513 enim
1619 1460 1761 1532 scripturn
1785 1464 1829 1517 est

1002 1524 1039 1580 de
1050 1525 1164 1605 Christo
1174 1525 1257 1605 quod
1272 1525 1360 1581 lilius
1373 1527 1422 1583 Dei
1435 1528 1603 1585 credendus
1614 1532 1778 1592 esteodein
1788 1533 1829 1588 lo·

1001 1611 1037 1652 co
1053 1603 1144 1651 virtus
1157 1596 1400 1653 testisiuveuitur.
1418 1601 1450 1654 Et
1466 1599 1490 1653 si
1507 1600 1553 1655 cui
1567 1600 1733 1657 absurdum
1750 1602 1828 1658 ride-

1001 1670 1048 1724 tur
1061 1667 1169 1737 legeuti
1183 1667 1332 1723 Christum
1347 1668 1399 1724 Dei
1416 1668 1518 1725 Filium
1534 1671 1721 1739 crucifixum,
1732 1673 1827 1730 revol-

1004 1743 1063 1801 vet,
1080 1738 1243 1794 etinvcuiet
1255 1742 1448 1795 resurrexisse
1463 1757 1564 1797 eume
1589 1744 1725 1806 mortuis,
1742 1750 1771 1801 et
1784 1745 1827 1800 iu·

1003 1809 1115 1880 telligat
1131 1825 1189 1864 nori
1206 1809 1296 1865 otiose
1311 1826 1379 1865 eum
1387 1816 1536 1868 mortuum
1547 1829 1625 1878 esse,
1641 1829 1737 1886 neque
1753 1817 1827 1872 iuri·

1002 1885 1077 1945 tum,
1094 1881 1480 1953 quipctuitresurgere‚sed
1491 1898 1555 1939 esse
1568 1886 1828 1956 mysteriumoui·

1002 1967 1133 2032 cumque
1148 1967 1219 2022 ergo
1231 1951 1341 2017 estille,
1357 1959 1410 2009 eut
1422 1953 1574 2011 tacebitde
1589 1971 1676 2011 cruce
1693 1974 1700 2024 ;
1715 1959 1789 2028 quia
1804 1959 1827 2014 si

1002 2022 1110 2078 dixerit
1122 2024 1245 2104 stultam
1260 2039 1391 2092 crucem,
1406 2040 1465 2080 non
1481 2026 1588 2097 poterit
1600 2027 1719 2083 stultam
1730 2028 1827 2085 dicere

1002 2101 1260 2160 resurrectionem,
1276 2100 1399 2152 excusat
1409 2098 1490 2152 enim
1506 2099 1683 2154 resurrectio
1696 2114 1827 2169 crucem,

1002 2171 1054 2221 eut
1069 2167 1092 2221 sl
1107 2165 1224 2222 locutus
1240 2165 1373 2221 lueritde
1389 2183 1486 2231 cruce,
1502 2182 1562 2223 non
1587 2171 1691 2240 poterii
1718 2186 1827 2241 negare

1001 2236 1221 2308 providentiam
1236 2253 1301 2292 esse
1315 2238 1343 2293 in
1358 2253 1497 2310 ecquam
1510 2239 1589 2295 ridet
1603 2242 1772 2298 testimonio
1785 2259 1828 2299 re·

1002 2308 1193 2364 surrectionis
1207 2308 1319 2364 lirmari
1337 2330 1343 2362 :
1358 2315 1576 2383 aututrumque
1586 2311 1827 2385 enimaccipitur,

1003 2384 1055 2435 eut
1078 2383 1236 2451 utrumque
1251 2378 1402 2448 refellitur,
1417 2382 1515 2454 utqui
1532 2397 1591 2437 nou
1607 2383 1758 2452 defendat,
1774 2399 1829 2441 nec

1003 2451 1274 2507 audeataccusare.
1290 2452 1492 2516 ouareautem
1507 2453 1641 2524 cruciligi
1650 2470 1681 2510 se
1690 2458 1830 2526 permisc-

1003 2524 1050 2590 rit,
1064 2523 1200 2591 cognatis
1215 2524 1389 2594 mysterium
1403 2524 1616 2580 reservandum
1629 2531 1685 2582 cst.
1704 2526 1829 2583 Mortem

1002 2600 1102 2649 eutem
1118 2592 1196 2648 lianc
1207 2594 1237 2648 iu
1250 2599 1364 2649 tantum
1375 2595 1610 2655 commendarit.
1627 2601 1658 2651 ut
1673 2595 1830 2654 clarificari

1004 2680 1037 2718 sc
1052 2679 1105 2734 per
1117 2680 1183 2719 eum
1204 2669 1329 2719 testatus
1346 2665 1392 2720 sit.
1409 2668 1483 2721 Nain
1498 2669 1538 2722 eit
1555 2688 1561 2719 :
1577 2666 1738 2724 Potertotem
1750 2669 1830 2724 liabeo

1002 2734 1118 2807 ponendi
1135 2736 1265 2800 unireem,
1279 2743 1303 2791 et
1317 2742 1471 2806 potestatem
1495 2736 1575 2792 liabeo
1589 2737 1689 2795 iterem
1707 2739 1831 2796 sumendi

1004 2823 1061 2861 eom
1077 2805 1167 2875 (loce.
1186 2823 1210 2871 ii,
1224 2806 1280 2876 tc).
1290 2807 1353 2863 Non
1367 2822 1440 2876 ergo
1455 2813 1577 2864 coactus
1591 2814 1634 2865 est
1646 2811 1720 2866 mori
1737 2828 1744 2877 ;
1758 2813 1831 2884 quia

1004 2883 1184 2948 potestatem
1198 2877 1303 2933 hebuit
1317 2884 1344 2933 et
1359 2879 1436 2935 mori
1451 2883 1480 2934 et
1495 2895 1659 2951 resurgere.
1681 2882 1763 2939 lianc
1778 2883 1830 2954 qui

1004 2949 1119 3013 abnuit,
1136 2964 1196 3003 noc
1209 2949 1317 3019 poterit
1330 2949 1428 3005 dicere
1435 2949 1579 3007 violenter
1591 2951 1632 3009 illi
1652 2958 1781 3011 mortem
1795 2954 1830 3012 il·

1004 3020 1107 3075 latam.
1121 3019 1150 3075 Si
1166 3019 1245 3075 enim
1260 3021 1452 3089 istemnegel,
1462 3028 1675 3079 necmortuum
1685 3023 1767 3082 illum
1779 3041 1831 3099 pc·

1006 3090 1070 3147 terit
1078 3105 1257 3156 asseverare,
1275 3091 1346 3162 quia
1359 3090 1423 3147 haec
1434 3090 1677 3160 illicccutinetur,
1692 3094 1829 3154 iibimor·

1005 3164 1025 3219 ti
1043 3161 1289 3230 tradituslegitur.
1302 3164 1394 3217 Nemo
1408 3163 1489 3219 enim
1499 3178 1534 3218 ex
1548 3166 1753 3235 superioribus
1764 3184 1831 3240 pos·

1006 3239 1109 3297 treme,
1118 3238 1169 3288 aut
1182 3249 1218 3288 ex
1231 3233 1831 3312 postremissuperioraccndemnat;quia

1006 3305 1188 3361 contrarium
1206 3318 1266 3360 uon
1287 3305 1427 3375 estquod
1446 3305 1534 3360 unius
1551 3308 1685 3433 corporis
1713 3315 1766 3364 est.
1790 3310 1831 3366 De

1005 3376 1131 3432 mortuis
1146 3379 1248 3432 eutem
1293 3375 1352 3431 uod
1367 3381 1535 3449 resurgant,
1561 3377 1601 3434 do
1614 3394 1632 3434 o
1647 3378 1749 3435 dicunt
1762 3380 1832 3437 stul·

1006 3451 1070 3504 tum
1085 3447 1215 3502 credere.
1243 3391 1347 3503 Vident
1361 3447 1441 3503 enini
1456 3450 1595 3520 exempla
1608 3449 1720 3520 quibus
1737 3450 1832 3507 credi·

1007 3519 1066 3575 bile
1078 3519 1435 3590 judiceturdmniaenim
1447 3519 1563 3576 semina
1580 3520 1683 3576 usibus
1697 3537 1833 3579 neccssa-

1008 3592 1062 3659 ria,
1076 3590 1133 3645 nisi
1149 3589 1280 3646 resoluta
1296 3588 1413 3654 luerint,
1426 3591 1542 3647 renasci
1558 3608 1662 3647 rursus
1677 3608 1734 3649 non
1750 3600 1832 3664 pote·

1009 3667 1088 3717 runt.
1099 3662 1126 3717 Si
1139 3661 1196 3716 hoc
1208 3661 1237 3715 in
1252 3660 1529 3717 mundohoiniuum
1545 3662 1717 3719 causalleus
1732 3665 1833 3721 decre·

1009 3734 1060 3799 rit,
1073 3748 1125 3788 cur
1138 3731 1254 3787 illorum
1270 3733 1401 3803 ipsorum
1415 3733 1590 3803 corporibus
1602 3735 1625 3789 si
1640 3735 1697 3791 hcc
1713 3741 1832 3807 praesta·

1009 3809 1092 3860 turus
1116 3803 1263 3867 credatur,
1278 3802 1399 3858 stultum
1422 3804 1570 3874 putaturi
1597 3805 1656 3860 Nisi
1679 3808 1750 3877 quia
1776 3808 1832 3880 ipsi

1010 3875 1090 3930 stulti
1105 3880 1183 3938 sunt,
1194 3874 1468 3945 qiiilleonondant,
1480 3891 1569 3947 quam
1584 3879 1831 3947 potcstmundus,

1010 3947 1150 4002 virtutem
1170 3961 1177 4011 ;
1197 3960 1267 4000 cum
1289 3951 1440 4015 gestarum
1463 3963 1544 4003 nunc
1566 3964 1663 4021 usque
1689 3965 1726 4022 ap
1751 3957 1833 4009 areat

1012 4017 1130 4099 umbre,
1155 4018 1309 4097 quiajam
1331 4023 1448 4090 tempus
1474 4026 1601 4074 nonest
1626 3967 1833 4079 faciendarum

1010 4093 1162 4145 virtutum.
1179 4090 1262 4144 lniiio
1277 4088 1356 4143 enim
1367 4087 1431 4144 lieri
1447 4090 1587 4160 oportuit,
1604 4095 1635 4146 ut
1646 4107 1749 4148 semen
1762 4093 1833 4149 lidei

1011 4176 1064 4232 per
1075 4159 1154 4215 hanc
1165 4166 1347 4215 crementum
1361 4159 1479 4215 laceret.
1494 4163 1605 4217 Tamen
1627 4168 1654 4217 el
1672 4164 1759 4218 modo
1773 4166 1832 4219 dae·

1011 4232 1115 4287 monia
1130 4230 1285 4286 nominata
1301 4247 1387 4286 cruce
1396 4230 1499 4286 Christi
1511 4235 1656 4287 terrentur
1673 4237 1721 4297 ;et
1737 4234 1762 4288 si
1777 4233 1832 4289 iin-

1011 4303 1132 4374 pensius
1144 4301 1206 4366 liat,
1219 4301 1360 4367 lugentur
1371 4307 1414 4366 ;ct
1423 4301 1465 4356 dii
1473 4302 1662 4370 Pagcnorum
1673 4303 1833 4361 formidine

1011 4381 1039 4429 et
1053 4380 1132 4430 metu
1149 4372 1310 4428 nouiiuatae
1322 4371 1416 4427 crucis
1430 4387 1573 4443 responsa
1597 4372 1668 4428 dere
1684 4390 1743 4431 non
1767 4390 1833 4448 pos·

1012 4451 1090 4501 sunt.
1108 4444 1343 4514 Siopprobriuin
1358 4448 1491 4498 estmors
1507 4443 1623 4507 Christi,
1634 4460 1729 4516 quere
1745 4451 1833 4503 terro·

1012 4518 1035 4573 ri
1050 4523 1095 4573 est
1109 4514 1188 4570 illes
1200 4514 1280 4569 enlin
1291 4528 1359 4585 ques
1373 4528 1408 4568 ex
1424 4514 1547 4571 crimine
1567 4515 1656 4581 venit,
1669 4531 1729 4572 uon
1738 4517 1833 4574 timeri

1010 4590 1110 4652 debet,
1128 4586 1181 4640 sed
1196 4585 1359 4640 contemni.
1377 4585 1448 4649 Quis
1470 4586 1549 4640 enirn
1564 4585 1833 4646 timcathominem

1012 4676 1067 4733 pro
1079 4657 1202 4714 crimine
1211 4671 1266 4711 suo
1279 4654 1411 4711 occisum
1425 4654 1440 4710 l
1453 4657 1489 4711 At
1501 4656 1672 4713 silunoceiis
1690 4657 1787 4726 luerit,
1800 4661 1834 4717 ti·

1014 4731 1086 4786 meri
1101 4735 1200 4785 taineii
1212 4742 1272 4782 nou
1284 4733 1390 4797 potest,
1406 4727 1456 4781 sed
1475 4728 1578 4784 doleri.
1593 4729 1756 4802 ltaquenisi
1769 4748 1834 4788 sen·

1013 4803 1099 4857 tirent
1113 4798 1274 4862 demonia,
1288 4797 1334 4853 rel
1349 4797 1389 4853 dii
1405 4800 1833 4869 Pagcnorumsacrameutum

1013 4888 1078 4928 esse
1091 4885 1209 4927 crrrcem
1225 4868 1342 4933 Christi,
1353 4869 1508 4926 nominata
1519 4886 1579 4927 nou
1594 4873 1790 4943 terrerentur;
1806 4879 1835 4930 et

1013 4950 1045 4999 ut
1059 4940 1227 5015 expressius
1241 4939 1351 5003 dicam,
1368 4939 1424 4996 nisi
1436 4942 1594 5007 relcssent,
1611 4959 1672 5000 non
1686 4945 1831 5001 timerent.

1014 5017 1046 5072 lli
1059 5015 1168 5071 etenim
1183 5028 1300 5077 omnes,
1311 5010 1364 5085 qui
1386 5027 1421 5067 ex
1434 5018 1517 5085 parte
1531 5012 1644 5070 diaboli
1668 5022 1747 5081 sunt,
1763 5031 1836 5071 cou-

1013 5089 1169 5143 senserunt
1178 5084 1208 5138 iii
1216 5080 1552 5140 mortcmChristi.Uude
1562 5090 1671 5141 cuncta
1683 5086 1835 5143 daemonia

1013 5159 1072 5214 sire
1087 5157 1129 5213 dii
1144 5156 1292 5223 Gentium,
1308 5154 1464 5211 nominata
1478 5172 1564 5212 cruce
1588 5156 1708 5220 Christi,
1726 5163 1836 5215 terrore

1013 5229 1231 5286 concutiuntur.
1242 5226 1345 5283 Omnis
1353 5227 1433 5281 euim
1444 5227 1495 5298 qui
1511 5227 1540 5282 in
1554 5226 1678 5282 alicu'cs
1694 5228 1835 5286 innocen·

1014 5302 1049 5356 tis
1067 5304 1161 5356 morte
1174 5313 1243 5353 reus
1258 5303 1313 5361 est,
1325 5312 1395 5353 cum
1410 5313 1519 5353 nomen
1541 5298 1607 5369 ejus
1621 5244 1708 5354 luerit
1723 5316 1834 5358 meino·

1013 5378 1122 5437 ratum,
1140 5371 1228 5425 timor
1240 5368 1438 5438 apprehendit
1461 5385 1512 5425 cor
1531 5368 1606 5440 ejus.
1621 5371 1836 5430 Recordetione

1013 5445 1092 5500 enim
1105 5440 1209 5498 habita
1227 5438 1324 5495 delicti
1348 5454 1431 5495 reum
1451 5456 1482 5496 se
1499 5439 1588 5495 ridet.
1603 5442 1721 5506 Quanto
1738 5444 1836 5513 magis

1013 5514 1174 5575 daemonia,
1191 5510 1235 5565 rel
1251 5509 1291 5565 dii
1308 5510 1455 5576 Gentium,
1472 5512 1524 5583 qui
1539 5512 1580 5567 rei
1599 5518 1669 5569 sunt
1681 5514 1762 5570 necis
1783 5518 1837 5571 llo·

1013 5586 1087 5643 mini
1098 5589 1126 5639 et
1140 5581 1300 5640 salvatoris
1315 5581 1420 5637 mundi
1434 5579 1632 5655 rSedPageni
1648 5585 1835 5659 antiquitatis

1013 5672 1107 5714 causa
1120 5669 1226 5712 rerum
1239 5667 1270 5708 se
1283 5658 1379 5709 tenere
1392 5652 1587 5721 contendunt,
1602 5655 1676 5729 quie
1688 5656 1770 5729 quod
1784 5674 1837 5715 an·

1014 5729 1105 5788 terius
1118 5731 1170 5793 est,
1187 5722 1452 5801 requiescebam
1466 5740 1533 5785 esse
1545 5742 1608 5787 nou
1623 5733 1732 5802 potest·
1747 5727 1839 5800 Qued
