3952 6150
98 240 177 301 itti
679 233 914 299 reinnerus
937 235 1072 302 XLVIII.
1094 241 1220 308 meur
1240 244 1278 309 X.

1778 263 1857 324 {iii

92 373 341 447 gignendodadit.
354 370 449 429 ltaiiii
460 371 633 429 daditrnnm
643 370 850 445 equalitatem,
861 386 948 446 quem
1003 375 1280 448 nanmmanunoum
1296 383 1324 443 id
1340 386 1418 460 quod
1435 386 1523 447 bomo
1538 394 1611 459 arat,
1624 409 1683 451 non
1697 399 1858 457 anounduna
1950 372 1953 379 Ι

93 481 154 524 πππ
171 466 274 539 genuit
297 463 480 538 inaquatam.
504 461 635 521 Sedbon
651 461 787 536 loquente
814 463 949 537 Domino,
1002 465 1033 523 id
1048 469 1127 540 quod
1142 472 1220 531 baua
1242 473 1330 533 etiem
1352 483 1505 551 aranmpto
1521 479 1636 539 bomine
1659 486 1856 557 permanebat,

98 558 243 629 quoniam
259 557 309 614 iux
318 554 435 614 lunebut
444 554 475 611 in
485 553 662 622 tenebria,et
674 556 801 612 tenebre
815 570 880 613 nam
892 571 950 616 noa
1004 555 1045 614 uit
1058 557 1139 617 iiiia:
1156 560 1227 631 Quini
1240 565 1316 623 urbia
1339 565 1499 626 oidelerio
1514 569 1620 629 diriore
1634 580 1648 626 i
1675 573 1756 643 minu
1782 575 1858 646 fitius

95 645 482 720 nomprabeudobantiioorr.
493 660 513 716 1,
522 646 559 714 i).
567 643 704 701 birxearr'o
715 645 818 701 iterum
826 647 950 715 sonunt
1003 647 1294 724 utiiioopondaruni
1303 657 1467 716 seeundum
1475 660 1671 731 opinationem
1685 678 1788 721 ruam:
1803 663 1858 721 ito·

94 733 613 808 iutrriadaenrproptorrermorrerbon.
627 732 857 791 vicedomnorum
866 735 951 791 martti
1003 736 1060 805 oid,
1075 736 1123 796 Sin
1137 740 1216 798 enim
1231 741 1369 817 ingerant,
1385 751 1415 804 nt
1429 746 1484 805 boo
1498 748 1594 808 ooium
1611 751 1749 809 tenebunt
1765 767 1772 808 :
1789 752 1859 824 quin

93 841 130 882 ex
143 825 229 899 ipris:
240 825 412 884 limonium
422 823 744 897 botet‚attramrrit,·quid
754 824 951 883 rimaminor
1005 826 1185 887 divinitatem
1196 832 1261 905 ejus
1275 832 1420 907 legebant,
1438 840 1556 896 sednon
1572 840 1781 915 intelligebant.
1802 841 1859 897 Do·

94 917 295 974 istaeiueront
307 913 494 973 denaiaaima
508 913 645 971 tenebra.
657 913 952 975 Attidicntaotriiaer
1005 915 1217 978 minorantem
1233 926 1860 1002 utnonauapnnderotadqunrandnrneiua
1973 916 1975 921 ’

91 1003 949 1077 verbononrantdoemooiambotrntirsartmpur'ddemoratura
1005 1004 1197 1079 divinitatem,
1224 1012 1309 1084 nuJur
1330 1017 1558 1074 contemnebant
1580 1019 1794 1090 iniit-mititem,
1810 1037 1856 1076 re·

91 1103 182 1170 potest
191 1110 327 1153 noennrorrr
337 1094 431 1153 orotor
444 1095 553 1166 operire
563 1093 653 1151 iiam
665 1093 788 1153 iatorum
801 1094 878 1155 oeuii
893 1111 949 1155 oo·

93 1190 199 1260 perant
212 1185 329 1260 aperiri.

341 1275 555 1334 rubemus
575 1275 696 1335 xiiiii.

91 1378 133 1436 Ab
147 1394 179 1436 eo
196 1377 266 1445 toro,
283 1378 371 1435 Foeta
383 1381 451 1434 sunt
462 1374 596 1433 bononia
606 1375 636 1433 in
646 1375 849 1450 ,ΙεππιπΙγπιίπς
864 1390 951 1449 aspar

131 1468 166 1527 od
181 1468 221 1539 id,
237 1468 342 1525 Omnia
357 1470 456 1525 nutem
476 1481 665 1540 quorumque
679 1467 753 1525 dixit
769 1469 900 1526 toannon
914 1467 951 1525 do

131 1561 197 1629 boo,
212 1574 280 1619 uera
294 1563 390 1616 erant:
408 1561 437 1616 et
451 1557 538 1615 multi
549 1558 738 1618 erediderunt
752 1560 783 1618 in
794 1560 949 1634 eunoun.

131 1667 160 1721 x,
177 1651 204 1721 i.
219 1648 318 1705 22-42.

132 1743 159 1797 i.
174 1739 254 1808 Quod
264 1740 326 1811 jam
341 1738 544 1796 nommondnri
563 1738 714 1798 bileoiioni
732 1745 845 1810 vertrae,
856 1742 951 1800 atabi-

94 1833 165 1890 titnr
179 1829 349 1887 meminisse
374 1828 501 1898 donorio,
516 1833 650 1889 aanntum
672 1832 813 1890 ioannem
833 1848 952 1905 evonga·

92 1920 196 1979 tisiam
206 1919 284 1977 nolle
299 1934 352 1978 noa
365 1917 564 1992 aemperlaoto
576 1919 692 1992 nutriri,
708 1923 760 1980 aed
775 1924 869 1980 aulide
885 1922 950 1980 cibo

93 2011 185 2070 raoni.
200 2009 336 2084 ouisqnia
351 2012 448 2067 autom
459 2009 495 2067 ad
511 2010 688 2069 sumendum
703 2010 832 2070 solidum
851 2013 950 2071 niburn

93 2100 176 2160 uerbi
185 2099 239 2158 Dei
248 2098 344 2157 adbuc
355 2098 454 2157 minuo
466 2099 592 2157 idonnua
601 2103 657 2171 eat,
671 2100 746 2161 iaotn
756 2101 824 2159 iidei
839 2100 952 2160 nutria-

93 2196 189 2260 tur,at
197 2189 319 2247 uerbum
330 2188 406 2261 quod
418 2187 580 2262 intelligere
588 2194 759 2264 nonpotoat,
768 2191 950 2249 nroderonon

93 2283 259 2340 nnnotetur.
274 2277 357 2335 Fidon
372 2277 452 2335 onim
468 2278 604 2336 moritum
619 2283 675 2348 eat,
696 2278 862 2338 intelinotoa
876 2296 952 2355 prra-

92 2371 199 2428 mium.
208 2368 242 2426 ln
253 2368 318 2443 ipao
327 2366 427 2425 labore
441 2366 613 2427 intentionia
625 2369 747 2427 denudat
757 2369 834 2428 anina
842 2368 951 2429 mentia

94 2465 257 2530 bertrami
268 2463 358 2532 ponat
371 2459 535 2517 sordiculas
555 2460 668 2517 nebula
678 2459 827 2534 humanm,
839 2466 867 2519 et
877 2476 954 2521 aare·

96 2554 184 2610 natur
199 2550 235 2608 nd
251 2549 381 2606 Verbum
394 2549 456 2606 Dei.
469 2546 533 2606 Non
549 2564 618 2622 ergo
643 2554 796 2608 tenuantur
821 2550 914 2620 tabor,
929 2552 956 2611 ai

94 2642 180 2700 adaat
193 2656 278 2697 amor
295 2638 407 2697 :nuntia
422 2638 501 2695 enim
517 2641 656 2712 quonium
669 2640 720 2713 qui
735 2647 812 2698 annai
835 2657 894 2698 πππ
909 2640 954 2700 la·

94 2732 190 2791 bonai.
205 2729 308 2788 Omnia
322 2729 401 2786 enim
416 2729 497 2787 iobor
523 2746 580 2786 ποπ
596 2731 762 2789 amontibur
787 2732 884 2804 grevia
899 2740 954 2790 aat.

94 2822 126 2879 Si
142 2825 242 2880 tanton
256 2820 370 2878 leborea
384 2836 452 2879 oum
463 2820 558 2877 avaris
573 2825 670 2894 portat
685 2820 842 2894 cupiditas,
854 2821 953 2881 nobin-

94 2928 164 2971 num
178 2928 237 2969 non
253 2914 350 2985 portat
360 2910 509 2968 ebaritaa‘t

128 3002 158 3059 2.
171 3000 359 3075 Euangniium
375 2998 538 3059 intendite:
560 3004 645 3060 Furto
659 3010 724 3060 runt
745 3008 838 3061 nutam
861 3002 955 3061 Enna·

93 3095 143 3151 nio
153 3089 377 3164 inirroroigmir.
391 3091 526 3151 Enoenia
536 3092 681 3150 sentivitna
690 3097 754 3151 erat
763 3093 955 3151 dedicationia

94 3182 210 3258 tempii.
223 3182 505 3241 Grnneenimxaroiu
514 3183 737 3243 dieiturnovum
750 3185 955 3260 quandocum-

95 3292 155 3350 que
165 3291 275 3334 novum
288 3274 400 3347 aliquid
412 3274 497 3332 tuerit
516 3275 689 3347 dedicatum,
700 3277 836 3335 iinennia
849 3292 954 3334 ronan·

95 3369 166 3427 tort
177 3366 246 3426 iam
261 3371 291 3424 ot
307 3383 379 3425 usur
392 3365 481 3424 hnbnt
494 3365 547 3424 boo
556 3368 678 3426 uerbum
690 3386 697 3425 :
709 3370 735 3427 ai
745 3368 812 3442 quia
824 3384 898 3426 nova
907 3371 955 3426 tn·

95 3448 317 3516 ninainduatur,
331 3446 616 3505 ononniaredinitur.
625 3449 711 3507 ilium
720 3449 884 3508 euimdiem
895 3465 954 3522 quo

96 3536 243 3613 tempium
258 3536 425 3595 dedicatum
449 3543 506 3608 nat,
520 3539 614 3596 iudei
638 3539 808 3598 antemnitor
823 3538 956 3598 celebra·

94 3630 168 3686 bxut
182 3640 193 3687 r
208 3627 271 3701 ipae
285 3626 348 3686 dier
365 3627 457 3686 inatus
485 3628 635 3702 agebatur,
651 3645 718 3687 num
733 3644 768 3687 ea
786 3644 852 3701 que
880 3628 955 3688 iente

95 3723 179 3791 aunt,
196 3716 311 3776 ionuiun
325 3721 370 3776 ent
384 3716 536 3776 Dominua.

131 3809 160 3867 3.
176 3808 273 3867 uums
296 3813 365 3865 erut.
382 3809 421 3864 Et
449 3807 605 3866 omiutnbnt
630 3811 708 3868 ieeur
736 3809 767 3867 iri
795 3808 897 3883 tempto
923 3809 953 3867 irr

93 3898 207 3975 portico
222 3896 389 3956 Solomonia.
406 3897 649 3957 Circumdederunt
658 3915 722 3973 erpo
737 3914 800 3958 num
810 3899 915 3967 suuni,
929 3902 956 3956 et

94 3992 224 4051 dicabunt
238 3990 439 4064 tironumque
452 3991 711 4049 onimomnoatrom
729 3992 827 4049 initis?
838 3990 869 4048 Sr'
883 4000 914 4048 ta
927 4006 955 4050 er

96 4083 237 4152 cbristus,
246 4082 377 4140 dicuntia
384 4083 490 4155 poium.
502 4081 565 4139 Non
576 4082 729 4142 veritatem
740 4081 956 4149 desiderabant,

95 4174 149 4231 ned
164 4172 341 4232 natumniam
366 4172 580 4246 preparabant.
605 4173 697 4232 rioms
720 4181 792 4242 croi,
807 4178 836 4230 ot
858 4172 958 4247 frigidi

95 4268 183 4323 erant
197 4262 255 4321 :ad
268 4260 352 4321 iilum
367 4262 445 4321 anim
460 4262 594 4323 divinum
614 4266 712 4339 ignem
728 4265 866 4323 nonedere
881 4265 957 4339 pigri

96 4356 193 4412 eraut.
209 4353 265 4411 Sed
281 4352 416 4411 annednre
426 4356 470 4410 nat
484 4354 601 4412 erodere
618 4371 626 4412 r
641 4355 691 4428 qui
707 4354 811 4423 eredit,
827 4354 956 4424 aonedit;

96 4441 151 4516 qni
165 4444 265 4515 negat,
280 4441 401 4500 recedit.
416 4440 480 4500 Non
496 4447 628 4501 movetur
642 4443 743 4501 noima
757 4442 891 4516 pedibua,
905 4442 958 4501 aad

96 4530 261 4591 nitentibus.
281 4530 453 4605 Friguoront
467 4549 484 4588 a
498 4531 641 4606 diligendi
657 4530 813 4600 ehariinte,
828 4536 858 4590 et
874 4533 959 4593 arde-

96 4624 168 4680 bant
183 4619 309 4679 nonandi
320 4620 492 4696 eupiditate.
503 4626 601 4697 Longe
615 4623 788 4692 abernni,ot
802 4623 842 4680 ibi
858 4628 956 4683 erent:

96 4711 344 4770 nonaooodnbxnt
358 4712 549 4783 eredendum
559 4714 734 4786 premebant
742 4714 957 4787 persequendo.

96 4801 273 4869 Quaerebant
286 4800 421 4860 audirea
441 4800 577 4870 Domino,
592 4802 651 4876 ligo
667 4819 733 4861 aum
758 4802 890 4861 Cbriatux
905 4820 912 4858 r
930 4807 959 4863 nt

96 4894 224 4950 iortnaaa
238 4890 275 4948 do
297 4889 412 4949 Chriato
436 4891 599 4951 aeoundum
623 4893 773 4951 bominem
793 4894 957 4966 aapiobnnt.

95 4980 332 5040 Pradinovorunt
347 4980 499 5056 Propbatae
513 4981 663 5040 Christum
680 4999 688 5039 ε
707 4983 759 5040 aed
773 4982 956 5040 divinitatum

93 5069 206 5129 ebriati
216 5074 247 5128 at
256 5068 288 5128 in
302 5069 454 5143 Prophetia
468 5075 497 5128 et
513 5071 542 5130 in
559 5073 623 5147 ipao
634 5071 793 5146 Evangelio
806 5072 957 5131 nnobern·

93 5161 148 5220 tini
161 5158 331 5235 intelligunt
345 5177 352 5229 ;
369 5169 477 5233 quanio
492 5163 591 5221 minua
604 5164 709 5233 iudei,
721 5164 862 5237 quamdiu
880 5162 959 5221 vein-

94 5268 166 5311 mnn
187 5254 235 5311 eat
247 5266 335 5325 nuper
359 5266 410 5310 oon
435 5268 538 5311 norum
566 5252 603 5327 (ΙΙ
618 5254 681 5313 Cor.
706 5253 842 5331 rrr,15)i
867 5255 959 5312 noni·

92 5357 156 5419 qun
180 5339 310 5416 quodam
339 5341 403 5400 tono
430 5342 526 5400 aniona
552 5342 693 5403 Dominua
722 5346 810 5402 teano
841 5360 891 5403 eoa
923 5345 960 5403 da

90 5430 212 5489 cbriato
227 5428 393 5488 eorundum
417 5430 565 5492 bominem
589 5449 703 5508 rapere,
720 5448 781 5494 non
795 5434 959 5494 eorundum

130 5612 228 5673 ¹tiaa.,
246 5609 369 5665 tornaio
384 5618 498 5669 roratur.

1005 1099 1125 1171 apoudit
1137 1102 1181 1159 eia
1194 1120 1205 1159 .·
1222 1103 1361 1172 Qnrnrodo
1373 1122 1438 1181 erpo
1457 1109 1543 1166 borini
1557 1109 1588 1167 io
1598 1111 1701 1183 spiritu
1714 1110 1784 1169 dieii
1797 1126 1861 1169 orror

1005 1189 1162 1265 Dominum,
1178 1195 1281 1264 dicens,
1298 1197 1377 1255 Dixit
1398 1200 1529 1257 dominun
1549 1202 1663 1259 Domino
1676 1218 1747 1269 meo,
1763 1200 1860 1259 Sotion

1005 1277 1109 1337 dextris
1128 1283 1206 1349 meir,
1221 1281 1309 1342 durren
1329 1301 1437 1357 porrum
1451 1288 1578 1346 inimicos
1593 1294 1654 1347 tuor
1674 1292 1726 1347 rut
1745 1291 1861 1365 portitor

1005 1367 1086 1426 tuin?
1095 1370 1125 1426 Si
1137 1387 1202 1442 ergo
1216 1375 1303 1430 Dnnid
1312 1377 1342 1431 in
1356 1377 1539 1448 spiritudirit
1552 1395 1615 1435 num
1622 1382 1781 1450 Dominum,
1795 1396 1861 1453 garo·

1003 1457 1083 1515 modo
1099 1459 1174 1530 fitius
1186 1464 1248 1533 qur
1262 1472 1301 1521 nst
1315 1464 1423 1536 (barri.
1439 1482 1509 1537 xxrr,
1530 1467 1715 1540 rar-tsiirion
1735 1470 1861 1541 negarit,

1004 1548 1055 1604 aed
1065 1547 1264 1624 interrogauit.
1276 1551 1317 1611 Ne
1327 1554 1454 1625 quianon
1462 1572 1529 1613 oum
1540 1556 1675 1627 audierit,
1687 1561 1770 1630 putet
1783 1559 1862 1630 quod

1005 1635 1247 1698 Dominuoteaun
1258 1644 1446 1715 negnaoritan
1461 1643 1555 1702 tilium
1566 1661 1629 1703 onae
1639 1645 1740 1703 Dauid.
1756 1645 1862 1703 Filium

1005 1727 1097 1786 David
1114 1730 1257 1789 Dominus
1271 1732 1404 1792 christun
1414 1735 1438 1791 ai
1449 1751 1482 1792 aa
1495 1739 1626 1808 negaret,
1636 1751 1726 1793 nonna
1741 1735 1863 1794 niueum

1004 1819 1684 1883 inuooantoanoniiinminaret.Transibatonim
1693 1825 1862 1900 aliqnando,

1004 1912 1033 1965 et
1048 1909 1106 1968 duo
1116 1913 1183 1970 nani
1198 1913 1334 1972 andenton
1344 1913 1432 1986 juxto
1447 1914 1525 1972 riam
1539 1913 1742 1974 oiamnrenuni
1756 1933 1764 1972 ε
1776 1915 1861 1975 Ιππο-

1005 2002 1236 2073 rererrostri,fiti
1250 2002 1420 2070 timidone
1435 2006 1628 2074 ronenuditn,
1645 2006 1781 2065 minentur
1792 2012 1837 2087 eat
1852 2024 1859 2076 ;
1967 2032 1972 2043 ‘

1005 2091 1097 2158 atoiit,
1108 2092 1232 2161 aunarii,
1251 2092 1351 2151 iumen
1367 2094 1447 2152 dedit
1461 2095 1512 2166 (io.
1528 2113 1575 2167 xx,
1591 2096 1703 2170 30-3t);
1726 2097 1796 2169 quia
1809 2113 1861 2157 no·

1005 2196 1074 2238 men
1089 2179 1215 2253 agnouit.
1227 2180 1304 2238 binii
1317 2186 1347 2238 et
1365 2185 1513 2256 apostolor
1527 2183 1703 2256 Pauiua‚0ur
1717 2186 1809 2256 tortus
1822 2191 1862 2244 ert

1005 2273 1032 2328 er'
1045 2287 1081 2329 er
1105 2273 1210 2328 nemina
1222 2271 1310 2329 Door'd
1323 2272 1472 2330 secundom
1495 2291 1605 2333 nomem
1622 2277 1712 2346 (Rom,
1729 2293 1749 2345 1,
1763 2275 1793 2346 3)
1809 2293 1816 2334 :
1831 2282 1862 2335 at

1006 2359 1043 2417 ad
1059 2359 1259 2430 Timotheum,
1278 2361 1380 2418 iiomor
1391 2371 1446 2419 esto
1468 2364 1560 2420 terum
1583 2362 1720 2421 ebriatum
1733 2381 1863 2424 renarre-

1008 2451 1112 2523 riona
1125 2452 1240 2508 mortuis
1253 2466 1289 2508 eo
1302 2453 1407 2509 semina
1421 2451 1506 2509 borio
1517 2453 1666 2511 secundom
1677 2454 1863 2525 dementiam

1007 2563 1099 2605 meum
1113 2549 1148 2620 (ΙΙ
1165 2550 1231 2606 Tim.
1242 2567 1274 2619 n,
1289 2550 1328 2623 8).
1344 2550 1418 2617 Quia
1432 2553 1468 2608 de
1487 2552 1600 2609 nemine
1614 2552 1705 2610 bivio
1716 2554 1862 2626 originem

1008 2636 1099 2694 iinrin
1114 2638 1193 2708 virgo
1204 2638 1337 2706 durabat,
1347 2640 1415 2696 inde
1429 2641 1572 2698 Dominus
1590 2642 1862 2703 doneminoiiavid.

1044 2726 1069 2782 i.
1085 2731 1145 2784 tion
1160 2743 1210 2799 pro
1225 2743 1333 2800 magno
1345 2727 1441 2786 iudei
1456 2746 1474 2786 π
1488 2729 1603 2788 Gbriato
1628 2730 1808 2804 quaerebant,
1832 2739 1865 2792 nt

1008 2816 1030 2872 xi
1047 2816 1167 2885 dioeret,
1184 2816 1243 2890 bigo
1258 2834 1324 2874 aum
1340 2818 1485 2893 Gbriatun,
1498 2821 1660 2879 seeundum
1672 2822 1749 2895 quod
1760 2821 1863 2881 iliiao·

1007 2908 1863 2987 iumsepiebantdeaeminebavid,calumniarenturquud
1972 2956 1975 2965 .

1009 2999 1065 3058 sibi
1078 3014 1243 3071 irrogarem
1255 2998 1364 3071 regiam
1390 3006 1572 3072 potestatem.
1589 3002 1656 3060 Pion
1669 3008 1715 3061 eat
1729 3005 1808 3077 quod
1821 3004 1864 3064 aia

1008 3090 1159 3164 respondit
1171 3106 1179 3146 r
1190 3087 1232 3146 iiii
1244 3090 1279 3146 do
1294 3087 1353 3147 tilio
1364 3088 1453 3146 Dauid
1474 3092 1609 3150 volebant
1618 3095 1807 3165 natumniari,
1816 3095 1865 3154 iiie

1009 3180 1114 3238 Filium
1122 3179 1173 3237 Dei
1189 3196 1220 3237 ne
1235 3193 1300 3236 nano
1320 3179 1479 3252 respondit.
1496 3182 1530 3237 lit
1544 3184 1691 3253 quomodo
1704 3183 1720 3243 i
1734 3187 1839 3243 Audito
1853 3202 1861 3242 r

1012 3271 1157 3343 despondit
1178 3272 1218 3327 eir
1244 3270 1320 3327 ierus
1335 3287 1344 3324 .·
1360 3269 1467 3341 Loquor
1489 3269 1573 3339 uobis,
1589 3275 1614 3327 ot
1642 3289 1700 3329 nora
1725 3274 1865 3341 tradition

1009 3377 1091 3434 opero
1105 3374 1168 3432 pum
1182 3374 1231 3431 ego
1256 3358 1329 3433 [urio
1344 3360 1374 3416 in
1394 3363 1505 3417 nomine
1527 3360 1619 3418 Putria
1632 3363 1697 3430 mni,
1713 3363 1775 3422 terr
1788 3367 1865 3421 terti-

1009 3453 1135 3509 monium
1149 3451 1295 3523 perbibent
1322 3449 1356 3507 de
1369 3465 1432 3507 mr:
1448 3450 1494 3507 sed
1520 3466 1565 3507 voe
1579 3467 1632 3508 raon
1647 3453 1771 3522 mediiis,
1799 3453 1865 3529 qaia

1010 3558 1065 3599 non
1080 3543 1149 3599 notio
1160 3557 1197 3598 ex
1210 3540 1304 3598 oribus
1318 3542 1399 3599 oreis.
1409 3538 1474 3597 iam
1490 3541 1628 3614 auprniin
1643 3543 1731 3602 Tront.
1741 3543 1867 3617 i5)didi·

1009 3633 1092 3690 nisiia
1106 3649 1170 3704 qun
1186 3631 1244 3688 nini
1257 3646 1339 3688 ovea:
1355 3634 1447 3688 estote
1461 3632 1621 3691 oreativen
1632 3634 1775 3694 eredendo
1785 3645 1864 3706 anat,

1009 3738 1077 3779 oven
1089 3725 1235 3794 pastorem
1247 3720 1395 3792 sequendo
1410 3722 1490 3791 nunt,
1502 3736 1570 3780 ovea
1578 3723 1791 3797 redemptorem
1807 3740 1865 3783 nou

1010 3809 1222 3867 contemnendo
1247 3815 1326 3877 aunt,
1341 3823 1408 3866 orna
1424 3823 1478 3881 par
1490 3809 1600 3868 natium
1622 3811 1760 3871 intrando
1783 3818 1864 3883 anni,

1010 3914 1077 3957 oreo
1092 3899 1222 3956 exeundo
1237 3901 1266 3954 ot
1289 3913 1394 3971 paanua
1416 3897 1591 3958 inveniendo
1620 3906 1700 3973 eunt,
1723 3904 1865 3962 ornantia

1010 3997 1116 4047 eterna
1138 3987 1313 4061 pnriruendo
1330 3992 1406 4045 aunt.
1432 3989 1582 4055 Quomodo
1606 4007 1673 4064 orgo
1688 3993 1754 4050 iatia
1781 3992 1865 4063 dixit,

1011 4082 1069 4138 Non
1084 4079 1149 4136 estis
1163 4093 1198 4135 ox
1213 4078 1305 4136 oritus
1325 4079 1414 4135 main!
1427 4077 1499 4142 Quin
1513 4078 1628 4138 videbat
1642 4096 1692 4139 eoa
1707 4083 1741 4140 ad
1757 4084 1867 4155 rempt-
1930 4072 1933 4082 '

1011 4174 1127 4227 tarnum
1142 4167 1295 4225 interitum
1308 4166 1540 4240 praednaiinnioa,
1554 4186 1611 4226 non
1627 4170 1664 4226 ad
1680 4171 1767 4227 uitam
1782 4173 1866 4228 nater·

1012 4275 1081 4317 nam
1096 4257 1139 4316 rui
1149 4256 1302 4331 nunguinio
1316 4258 1415 4329 praetio
1429 4264 1620 4333 comparatos.

1047 4350 1076 4409 5.
1091 4349 1158 4407 Oves
1172 4363 1239 4405 mere
1259 4362 1348 4405 norem
1372 4364 1461 4406 orrum
1475 4349 1604 4419 audiunt,
1627 4358 1653 4408 et
1667 4367 1794 4425 cognonen
1808 4366 1866 4422 eor,

1013 4447 1040 4498 et
1054 4440 1186 4512 sequntur
1200 4452 1267 4496 mr:
1282 4442 1309 4494 et
1336 4451 1383 4511 ego
1408 4439 1493 4494 ritum
1517 4441 1651 4496 aternum
1675 4442 1711 4497 do
1731 4442 1869 4500 cinitone

1013 4535 1084 4590 nunt
1098 4544 1217 4603 peanua.
1231 4528 1261 4585 Si
1277 4528 1415 4598 reooiitia,
1431 4529 1568 4603 nuperius
1584 4531 1706 4590 dixerut.
1722 4534 1755 4589 Et
1774 4532 1868 4606 r'rrgrni

1013 4621 1116 4687 dictur,
1127 4626 1153 4675 et
1163 4617 1331 4690 egredietur,
1340 4620 1365 4675 et
1373 4634 1474 4691 pesona
1484 4618 1618 4678 inueniet.
1630 4621 1755 4695 Ingreari
1765 4638 1870 4684 aumua

1013 4708 1169 4774 erodendo,
1198 4707 1368 4780 egredimur
1391 4708 1553 4768 moriendo.
1575 4710 1632 4768 Sed
1656 4714 1804 4784 quomodo
1819 4716 1870 4786 pet

1014 4799 1122 4859 ostium
1151 4797 1220 4856 tidni
1243 4798 1369 4872 ingreeai
1386 4816 1500 4871 numne,
1516 4801 1559 4859 aio
1584 4801 1685 4862 tideiea
1700 4804 1870 4877 decerpere

1014 4905 1171 4950 exenmue:
1188 4887 1231 4947 nio
1245 4889 1325 4947 enim
1336 4906 1388 4964 par
1402 4889 1500 4962 ipaum
1518 4892 1626 4949 ostium
1642 4893 1820 4964 egredimur.
1837 4896 1871 4950 ut

1015 4998 1126 5058 pusnun
1140 4979 1270 5038 invenire
1284 4981 1443 5052 possimus.
1460 4982 1541 5040 Bone
1556 4997 1677 5055 pnaoua,
1688 4981 1747 5038 ritu
1764 4986 1873 5041 eterna

1014 5072 1146 5131 dieitur:
1162 5069 1203 5125 ibi
1221 5067 1302 5126 nuile
1323 5069 1415 5128 herba
1428 5069 1546 5141 ornauit,
1562 5075 1655 5126 totum
1670 5069 1752 5138 viret,
1776 5073 1873 5129 totum

1015 5164 1102 5235 viget.
1119 5158 1198 5218 Solet
1222 5158 1353 5231 quedam
1379 5158 1469 5216 herba
1498 5158 1556 5215 dini
1572 5173 1686 5231 aemper
1702 5158 1766 5214 viva
1781 5159 1790 5194 ¹
1808 5175 1815 5216 ε
1832 5159 1875 5218 ibi

1015 5252 1113 5312 auium
1128 5249 1222 5307 nivern
1237 5249 1395 5307 invenitur.
1415 5249 1506 5305 Vitam
1520 5255 1668 5318 aeterrrom,
1685 5248 1791 5322 inquit,
1806 5248 1876 5309 dubo

1015 5345 1067 5412 oio,
1083 5339 1185 5398 oribna
1200 5336 1283 5395 moia.
1300 5336 1359 5395 Voa
1386 5336 1551 5397 natumniaa
1566 5344 1718 5413 propterea
1733 5340 1877 5413 quariiia,

1017 5430 1139 5507 quiade
1153 5427 1213 5485 ritu
1223 5427 1361 5499 pronunti
1377 5427 1524 5502 oogiiatia.

1051 5560 1101 5671 ¹⁶¹2
1119 5557 1193 5616 bina..
1209 5568 1308 5620 semper
1332 5556 1419 5609 ninii:
1445 5557 1543 5611 dieitur
1562 5559 1672 5624 Groneia,
1696 5560 1797 5621 orirer,
1822 5562 1877 5614 niun

1024 5638 1083 5675 oen
1102 5634 1142 5673 oo.
