3952 6150
111 159 183 222 aias

593 152 630 212 IN
649 155 682 213 B.
703 150 851 211 JOANNlS
871 143 1126 212 apocatihsiit
1143 150 1347 213 expositio.
1754 144 1827 209 Μ

113 288 345 360 rebaptizantur,
358 280 515 339 mantissis
525 280 649 351 intelligi
656 284 763 350 potest.
777 281 814 335 Et
823 286 938 351 quartae
992 281 1023 337 id
1038 280 1132 346 estin
1145 278 1309 348 mediosui,
1322 283 1412 351 etper
1423 274 1630 333 assiduitatem
1640 275 1827 348 praedicatio·

111 360 222 433 augelus
237 358 300 413 triba
313 354 419 419 cecinit,
433 360 459 408 et
469 359 646 425 permisisset
659 352 742 407 tertia
752 351 897 422 parrsatr's,
914 358 938 406 et
992 353 1039 409 nis
1071 353 1177 425 plagas
1207 350 1362 409 novissimi
1398 350 1540 419 temporis
1577 351 1826 405 annuntiantem.

114 433 198 489 tertia
216 429 406 501 perclareat
422 427 504 481 tertia
523 440 591 494 pars
611 423 755 478 stellarum
768 441 778 477 :
796 424 850 491 sal,
865 423 938 479 luna
993 425 1120 490 Quando
1133 425 1213 480 enim
1224 424 1363 479 sacerdos
1373 421 1402 477 in
1418 418 1546 476 Ecclesia
1560 418 1708 474 Dcidiem
1721 419 1827 489 judicil

115 502 251 566 etstcllia,
263 495 867 565 Ecclesiaest,cujustertiaparspcrciissu
879 500 937 562 est;
994 497 1162 564 annuntiat,
1179 494 1281 570 aquila
1309 495 1339 548 in
1359 493 1458 547 inedio
1473 491 1540 546 coeli
1565 491 1658 548 volat.
1673 493 1827 548 concedat

115 575 144 630 iu
159 573 244 629 tertia
255 577 347 643 parte,
364 568 567 637 intelliguntur
579 581 684 621 ornnes
699 566 779 621 ruali.
794 566 940 621 Percussa
993 567 1098 623 divina
1111 569 1215 639 pistas,
1229 576 1261 622 ut
1276 566 1350 620 dum
1362 563 1567 619 etancerdotes
1583 562 1709 617 student
1719 561 1829 633 jugiter

113 650 278 707 astantem,
292 641 376 696 idest
391 639 452 693 suis
466 637 669 692 malistradita
683 636 937 708 etroluptatihus:
994 639 1167 711 praedicare,
1182 646 1211 695 et
1225 653 1265 710 po
1290 636 1328 692 iili
1344 649 1381 690 ea
1399 649 1467 706 quae
1482 633 1688 705 predicantur
1703 633 1828 691 ildeiiter

114 722 147 773 ut
159 712 397 771 redundantibus
420 715 449 764 et
475 709 709 764 lactescentibus
725 709 867 778 peccatis,
885 722 940 762 suo
994 709 1168 781 adimplere,
1184 652 1454 765 simufmereantur
1466 704 1643 761 adteterna¹
1660 706 1827 777 pervenire.

115 793 249 857 tempore
273 782 461 837 revelaretur.
488 781 527 833 Et
544 780 601 834 vici·
614 785 638 832 et
650 779 747 833 andivi
759 795 843 833 racem
858 779 941 833 arir'm
994 785 1156 854 praestante
1169 779 1297 838 Domino
1308 778 1375 833 lesu
1392 776 1516 841 Christo,
1533 776 1585 850 qui
1598 776 1682 842 sirit,
1696 781 1756 833 etc.

1313 862 1428 905 aarum
1449 863 1497 903 vu.

1032 921 1087 995 [iil.
1100 936 1128 977 ix
1138 927 1166 977 et
1176 919 1219 995 x]
1228 920 1323 985 blodo,
1332 919 1436 976 tratres
1446 918 1704 987 charissimi,cum
1715 923 1828 990 apaca-

116 859 219 929 aaar'ta
230 853 346 908 calentis
362 853 390 906 ia
403 851 490 905 medio
502 849 571 915 eali,
592 857 619 904 et
636 850 774 915 dicentem,
793 850 838 906 Vae
857 850 940 904 tarel

115 946 155 983 cae
170 923 355 980 habitantibus
369 922 490 977 terram!
505 922 645 1048 Aquilam
658 921 820 977 Ecclesiam
832 921 941 978 intelli·

117 1002 159 1069 git
168 997 319 1052 volantem
336 997 365 1049 iu
378 994 479 1049 medio
492 1008 537 1049 aaa
550 995 568 1058 i,
584 994 665 1048 idest
678 994 706 1048 in
720 992 819 1048 medio
828 992 941 1048 auidis·
994 992 1249 1066 lypsislegeretur,
1258 990 1427 1047 audirlmus
1434 991 1509 1116 guia
1518 991 1625 1063 quinto
1634 989 1751 1059 angelo
1760 990 1828 1047 tuba

115 1074 295 1131 currentem,
312 1072 341 1121 et
365 1066 472 1136 plagas
489 1064 648 1119 novissimi
672 1064 813 1136 temporis
829 1078 942 1132 magna
995 1064 1223 1129 canente,stella
1238 1063 1275 1118 de
1286 1062 1360 1118 cralo
1371 1062 1431 1118 ceci
1456 1061 1510 1117 erit
1521 1076 1613 1132 super
1627 1066 1754 1117 terrain.
1767 1062 1828 1119 Una

115 1154 188 1195 roca
200 1138 425 1221 praedicantem.
447 1137 572 1202 Quando
598 1136 678 1190 enim
704 1134 845 1190 sarcerdos
861 1135 941 1191 diem
996 1136 1081 1191 stella
1093 1151 1201 1206 corpus
1212 1134 1425 1190 estmultorum
1437 1132 1611 1188 cadentium
1627 1148 1681 1204 per
1692 1138 1826 1205 peccata.

114 1210 217 1283 judicii
229 1209 394 1270 annuntiat,
412 1208 515 1277 aquila
525 1207 554 1261 in
564 1206 663 1261 madio
678 1206 744 1261 coeli
757 1205 845 1260 volat.
862 1207 943 1261 Sicut
997 1209 1033 1262 Et
1048 1207 1113 1263 data
1124 1211 1162 1262 ert
1174 1206 1201 1261 ei
1214 1204 1297 1260 clavis
1305 1202 1383 1276 patei
1394 1202 1484 1276 signi
1492 1218 1502 1254 :
1513 1203 1609 1273 stella,
1623 1205 1772 1276 abyssus,
1779 1218 1827 1276 pu-

118 1297 188 1350 ergo
200 1278 411 1351 supradictum
423 1282 478 1343 est,
492 1277 700 1349 aliusangelus
711 1292 802 1349 quem
812 1276 943 1332 dixitne·
997 1283 1062 1335 teus
1073 1278 1212 1333 homines
1228 1281 1308 1332 sunt.
1320 1278 1396 1346 Ergo
1409 1274 1495 1330 stella
1509 1275 1617 1330 cecidit
1632 1274 1672 1330 de
1687 1275 1768 1332 coelo
1782 1276 1827 1331 :id

117 1353 254 1409 condisse
269 1351 308 1407 ab
319 1354 385 1405 ortu
403 1349 483 1413 solis,
500 1349 629 1404 Ecclesia
644 1353 698 1410 est,
714 1347 880 1403 ascendens
904 1349 943 1403 ab
996 1356 1050 1415 est,
1065 1348 1195 1421 populas
1210 1353 1348 1420 peccator
1365 1347 1403 1402 dc
1418 1345 1557 1402 Ecclesia.
1577 1348 1612 1400 Et
1626 1346 1735 1417 accipit
1750 1349 1824 1418 patet
1867 1356 1872 1363 ·

116 1431 183 1482 ortu
195 1422 276 1488 solis,
289 1422 319 1477 id
334 1426 379 1475 est
394 1436 410 1475 a
424 1420 564 1491 passione
586 1419 631 1475 vel
648 1418 864 1474 resurrectione
886 1421 942 1473 [to-
996 1421 1086 1493 atpssr'
1096 1421 1195 1476 clarem
1206 1438 1215 1475 :
1226 1418 1256 1474 id
1270 1425 1325 1484 est,
1337 1421 1515 1490 patestatem
1527 1416 1629 1472 cordis
1640 1417 1701 1481 sui,
1715 1422 1749 1472 ut
1762 1433 1828 1489 spe·

120 1494 203 1550 mini.
218 1493 303 1558 Quod
318 1497 419 1547 autem
429 1491 509 1554 dicit,
533 1490 576 1545 Ne
596 1490 698 1545 laseris
719 1494 832 1556 terram,
857 1504 890 1545 ee
912 1504 943 1544 ae
996 1494 1053 1548 riat
1066 1507 1229 1555 corsuum,
1243 1490 1272 1545 iu
1285 1504 1346 1561 quo
1361 1488 1499 1545 diabolus
1511 1487 1662 1558 deligatus
1675 1503 1739 1543 non
1752 1504 1827 1544 com·

116 1582 192 1621 mare
206 1563 353 1629 ;Ecclesia
366 1562 423 1618 hoc
438 1561 569 1641 quotidie
584 1561 776 1632 praedicando
791 1560 877 1615 malis
891 1504 944 1615 Za·
997 1568 1136 1636 pescatur
1150 1561 1281 1617 utiaciat
1292 1559 1475 1616 voluntatem
1491 1574 1588 1614 suam.
1600 1560 1641 1615 Et
1652 1558 1769 1631 aperuit
1780 1576 1829 1631 ps·

118 1637 253 1693 minibus
269 1636 387 1689 clamat.
405 1633 490 1698 Quod
505 1633 587 1698 dicit,
610 1634 734 1687 l'innriiet
749 1632 841 1686 aleam
853 1648 885 1685 ae
898 1631 945 1686 le·
998 1640 1066 1690 team
1081 1634 1188 1707 clymis
1198 1632 1228 1687 id
1243 1630 1504 1700 est,manilestarit
1515 1646 1566 1686 cor
1581 1647 1672 1687 suum
1690 1631 1758 1686 sine
1772 1631 1829 1686 ullo

118 1709 206 1771 terim
220 1707 250 1761 in
263 1706 334 1760 viiio
347 1713 375 1759 et
386 1704 462 1767 oleo,
472 1704 715 1774 omnesquisunt
720 1702 791 1773 justi
806 1702 834 1757 in
849 1702 944 1757 Eccle·
997 1706 1101 1762 timore
1116 1705 1161 1760 rel
1179 1702 1295 1775 pudore
1317 1702 1472 1775 peccandi.
1488 1702 1524 1757 Et
1544 1701 1669 1757 ascendit
1688 1702 1785 1772 [amns
1799 1701 1829 1758 de

119 1781 163 1834 sin
177 1777 381 1845 intelliguntur
395 1791 401 1840 ;
417 1790 494 1845 quos
510 1789 599 1828 nemo
613 1773 720 1828 laedere
743 1773 862 1844 poterit,
887 1773 944 1829 nisi
995 1783 1076 1849 pateo
1088 1792 1099 1830 .·
1116 1776 1205 1832 idest
1224 1775 1262 1829 de
1277 1775 1389 1846 populo
1404 1773 1539 1829 ascendit
1551 1773 1636 1845 qiiod
1651 1773 1791 1845 cooperit
1802 1777 1829 1829 at

117 1847 155 1904 ad
167 1848 374 1920 probationem
385 1846 504 1901 illorum
519 1844 685 1915 permiserit
694 1845 781 1901 Deus.
797 1844 881 1908 Quod
893 1860 944 1899 nu·
998 1848 1140 1905 obscurat
1151 1844 1374 1911 Ecclesiam,iia
1387 1850 1417 1901 ut
1429 1844 1555 1911 dicatur,
1564 1844 1602 1898 Et
1616 1843 1781 1900 obscuratae
1792 1850 1829 1899 est

118 1923 178 1975 teni
195 1919 247 1982 ait,
263 1924 381 1973 centuni
397 1916 598 1988 quadraginta
610 1921 741 1986 quatuor
751 1915 842 1971 inillia
852 1915 945 1970 tuisse
996 1919 1036 1975 sol
1046 1927 1072 1974 et
1081 1918 1167 1974 acrde
1176 1916 1347 1989 famoputer'.
1356 1915 1555 1973 obscuratum
1565 1915 1641 1971 dixit
1653 1916 1829 1981 solcm‚non

118 1991 253 2059 signatos
270 2005 276 2043 :
292 1994 353 2043 tota
367 1987 495 2043 Ecclesia
511 1986 693 2055 intelligitur.
708 1986 830 2042 Undeet
844 1986 945 2042 inillis
998 1991 1139 2047 occidisse
1154 1992 1306 2044 ¹.Peccnta
1318 1987 1399 2043 enim
1416 1986 1563 2042 malorum
1578 1991 1609 2042 et
1623 1987 1828 2059 superborum

119 2062 156 2117 de
171 2061 282 2133 quibus
294 2059 368 2115 dixit
383 2075 413 2113 se
428 2058 537 2113 vidisse
551 2057 698 2130 populum
713 2057 841 2113 multum
853 2072 945 2128 quem
996 2062 1167 2126 hominum,
1183 2074 1250 2131 quie
1264 2059 1379 2131 passim
1398 2060 1626 2114 committuntur
1640 2074 1695 2130 per
1713 2058 1829 2129 orbem,

118 2132 310 2187 dinumerare
324 2145 414 2185 nemo
430 2134 555 2199 poterat,
569 2127 700 2184 Ecclesia
714 2127 821 2184 eadem
835 2127 946 2197 signiti-

119 2199 943 2267 cateestouodautemdixit,amictosessestolisalhis;

118 2275 149 2330 in
165 2274 248 2329 stolis
259 2275 373 2328 dorium
387 2272 613 2343 Spiritussaucti
625 2271 809 2339 intelligitur:
821 2270 946 2341 angelos

119 2351 232 2401 stantes
246 2345 324 2399 circa
340 2345 491 2407 thronum,
505 2343 665 2397 Ecclesiam
686 2342 768 2407 dixit,
785 2340 856 2414 quia
872 2357 946 2414 pree·

119 2423 163 2473 ter
178 2416 259 2472 illam
276 2414 349 2470 nihil
372 2414 453 2469 aliud
477 2413 674 2469 describebat.
702 2415 805 2470 Senior
820 2413 872 2484 qui
887 2428 946 2468 res·

119 2488 257 2561 pandens
273 2486 356 2554 dixit,
372 2486 426 2551 Qut
437 2492 500 2539 strat
516 2486 574 2550 r'ste',
599 2492 622 2539 et
637 2483 707 2538 cade
721 2492 861 2549 venerant,
883 2483 946 2539 otti-

121 2560 200 2614 cium
216 2559 328 2613 iudicat
338 2557 538 2621 sacerdotum,
552 2556 759 2628 quipopulum
774 2556 802 2610 in
815 2554 948 2610 Ecclesia

119 2628 238 2685 docent.
253 2629 338 2694 Quod
351 2634 451 2683 nutem
467 2628 549 2692 dixit,
575 2628 713 2681 Lacerant
726 2626 818 2691 stolas,
835 2626 947 2681 dstote

122 2702 253 2756 Ecclesia
265 2701 350 2763 (lixit,
360 2714 420 2754 uon
428 2699 465 2753 de
476 2699 658 2768 martyribus
669 2703 797 2752 tantum.
814 2697 947 2767 Denique

121 2786 182 2827 non
189 2772 258 2826 dicit
268 2772 297 2825 in
308 2771 526 2838 sanguiuesuo,
538 2769 590 2822 sed
603 2769 632 2821 iri
643 2768 773 2849 raapnine
782 2765 947 2837 aprii,qu0d

122 2844 224 2913 utique
239 2857 292 2912 per
304 2840 446 2911 Baptisini
457 2844 676 2893 sacramentum
693 2839 841 2909 impletur.
849 2839 887 2892 Et
901 2839 949 2917 qni

121 2914 191 2967 sedet
205 2929 285 2982 snper
299 2913 439 2975 thrasium,
468 2908 572 2963 habitat
597 2924 678 2979 snper
696 2909 757 2963 illos
772 2926 781 2962 :
796 2909 853 2980 ipsi
867 2924 946 2965 enim

121 2983 247 3039 throuus
258 2988 338 3047 suut,
350 2997 441 3052 snper
450 2995 527 3050 quos
538 2979 654 3036 habitat
668 2983 753 3035 Dens.
765 2979 857 3051 Nerine
870 2979 947 3035 cadet

121 3070 203 3125 saper
214 3070 255 3109 eos
266 3053 315 3116 rol,
331 3068 412 3124 iisqne
423 3050 495 3106 allas
509 3058 591 3106 estas
606 3066 615 3105 :
629 3056 654 3104 et
665 3051 774 3107 deducet
784 3067 826 3106 cor
836 3050 871 3105 cd
883 3053 946 3106 aitte

122 3127 209 3197 sontes
221 3140 352 3196 acacimn
366 3124 486 3184 :omnia
500 3122 565 3178 haec
577 3122 668 3177 etiam
695 3124 725 3178 in
740 3123 876 3193 praesenti
890 3138 948 3177 sae·

122 3196 201 3259 cido,
212 3203 239 3252 et
253 3197 298 3253 his
313 3194 419 3250 diebus
430 3193 620 3266 spiritualiter
635 3193 772 3250 Ecclesia
784 3193 922 3249 eveniunt
938 3207 945 3261 ;

122 3266 196 3322 dum
214 3267 254 3323 ita
270 3266 455 3338 pergratiam
466 3265 516 3319 Dei
530 3264 708 3331 defenditur,
724 3270 754 3319 ut
766 3264 947 3336 persecutio·

123 3335 944 3417 nibusmundiliujusexerceaturpotiusquamriucatur.

123 3408 209 3477 Quod
219 3410 291 3465 dicit
304 3410 334 3463 in
349 3406 499 3462 semihora
512 3406 662 3461 silentium
676 3406 786 3462 facturn
803 3407 833 3461 in
849 3406 945 3473 coelo;

122 3477 944 3548 inEcclesiadicit,etsigniticatinitiumquietisaeternoe.

123 3554 155 3607 Et
168 3559 280 3623 septem
292 3549 406 3620 angelis
422 3549 500 3604 tubis
512 3549 689 3604 canentibus
706 3549 752 3603 :in
768 3547 881 3617 angelis
891 3549 946 3602 Ec·

123 3622 223 3688 alesia,
237 3623 266 3678 in
275 3620 531 3693 tubisproedicatio
541 3616 946 3689 Ecclesireiutelligitur.alius

122 3695 259 3764 augelus,
272 3709 363 3766 quem
378 3691 452 3747 dixit
474 3691 588 3746 stetisse
603 3696 671 3746 aute
698 3691 799 3756 altare,
816 3691 945 3744 Christus

123 3765 268 3820 Dominus
293 3769 348 3819 est.
364 3762 468 3817 liobam
491 3761 661 3817 thuribulam
680 3776 818 3817 careum:
838 3775 946 3834 corpus

123 3835 234 3892 scilicet
249 3843 398 3897 sanctum,
420 3848 472 3905 per
499 3833 581 3905 quod
599 3833 676 3888 Deus
700 3834 785 3889 Pater
797 3831 947 3904 passionis

123 3904 291 3968 incensum,
304 3905 426 3959 odorem
438 3904 593 3959 suavitatis
608 3904 731 3974 accepit.
748 3903 834 3970 Quod
846 3907 947 3959 nutem

123 3975 205 4041 dicit,
222 3976 314 4030 Factae
324 3982 474 4038 sentences,
487 3975 602 4043 {algare
615 3983 638 4030 et
651 3978 774 4030 tonitruo
786 3973 946 4046 ;praedica·

124 4047 219 4103 tiones
228 4052 297 4101 sunt
312 4045 444 4100 Ecclesiae
457 4044 635 4115 spirituales.
654 4047 689 4100 Se
713 4051 772 4100 tem
782 4044 880 4113 angeli
895 4043 948 4116 qui

123 4132 155 4173 se
166 4120 409 4190 praeparaverunt
424 4120 619 4178 nicanorem,
634 4060 763 4171 Eccllesia
774 4121 819 4172 est
828 4117 871 4171 :in
887 4130 948 4188 qua

123 4205 176 4260 per
187 4193 281 4245 totum
296 4187 444 4243 mundum
459 4192 563 4242 contra
575 4187 679 4241 omnia
715 4192 817 4241 cecata
827 4186 874 4242 vel
890 4188 948 4243 cri-

123 4256 678 4331 minafltprnedicatiospiritualis.0uo
712 4264 948 4313 autemcauente

124 4332 223 4403 primo
239 4330 346 4400 angelo
353 4330 436 4386 teriia
444 4344 513 4401 pers
520 4335 602 4384 terrae
609 4328 826 4393 combustaest,
837 4327 949 4397 signill-

123 4401 465 4472 catliouiinessuperbos
479 4404 507 4456 et
521 4400 724 4472 voluptatibus
733 4398 949 4470 deditos,quos

125 4476 201 4529 Deus
216 4475 296 4543 justo
308 4473 420 4542 judicio
446 4471 588 4544 permittit
611 4470 750 4527 incendio
764 4470 888 4527 luxuriae
904 4468 949 4525 vel

125 4544 295 4609 cupiditatis
303 4543 394 4599 exuri.
409 4542 492 4608 Quod
505 4549 616 4607 autem,
626 4549 750 4598 canente
760 4541 950 4597 secundoan·

56 4684 59 4688 ι
125 4616 201 4684 gelo,
218 4631 307 4671 mons
322 4615 431 4670 ardens
444 4614 549 4670 cecidit
560 4613 591 4669 in
607 4629 689 4669 mare
705 4631 712 4679 ;
726 4628 813 4669 mons
826 4612 873 4668 ille
888 4611 949 4669 dia·

124 4685 222 4753 bolus,
243 4702 326 4742 mare
342 4685 474 4741 mundus
489 4685 545 4740 iste
558 4684 740 4755 intelligitur.
768 4685 863 4740 Tertia
878 4698 949 4756 pars

126 4757 228 4836 maris,
245 4757 329 4812 sicuti
339 4757 404 4826 jam
416 4755 631 4827 supradictum
644 4761 699 4821 est,
711 4753 950 4880 homincsinitpui

125 4832 153 4883 et
168 4828 263 4898 impii.
280 4828 366 4893 Quird
378 4831 490 4890 autem,
501 4826 587 4882 tertio
602 4827 853 4896 angelocnnente,
865 4830 908 4881 ste
922 4825 950 4882 la

125 4914 239 4968 magua
254 4898 358 4953 cecidit
368 4898 405 4953 de
421 4898 507 4965 coelo,
519 4898 656 4954 homines
671 4896 951 4968 magniintelligun-

126 4976 183 5036 tur,
203 4971 254 5042 qui
272 4969 359 5023 malis
372 4968 506 5024 moribus
517 4975 546 5024 et
556 4968 667 5040 iniquis
676 4969 792 5024 actibus
802 4970 840 5022 de
855 4967 951 5023 Eccle-

126 5043 171 5097 sia
184 5046 327 5113 tanquam
341 5040 378 5094 de
394 5040 469 5095 coelo
484 5039 604 5095 cadunt.
621 5039 707 5104 Quod
718 5039 797 5103 dicit,
813 5038 898 5096 antri
907 5038 952 5093 ia·

126 5114 228 5168 minam
243 5111 345 5167 marlai
354 5119 416 5166 sant
430 5111 464 5165 cli
484 5129 500 5165 a
518 5111 571 5177 cis,
591 5110 718 5181 quostiam
732 5110 951 5165 amaricaverunt

125 5198 221 5255 cqae5
237 5184 293 5239 hoc
304 5183 333 5239 in
347 5182 391 5238 his
404 5182 456 5255 qui
476 5128 697 5252 reliaptizantur
709 5181 829 5252 intelligi
844 5187 951 5254 potest.

127 5256 210 5321 Quod
223 5260 333 5318 autem,
351 5252 717 5324 canentequartoangelo,
734 5252 815 5317 solis,
831 5260 859 5308 et
871 5251 951 5308 lunae

126 5332 155 5379 et
166 5326 318 5382 stellarum
334 5326 418 5381 tertia
431 5339 498 5396 pars
512 5339 652 5405 percussa
663 5328 720 5389 est;
729 5323 809 5380 iubis
823 5323 952 5379 Ecclesia

127 5394 308 5465 intelligitur,
320 5397 349 5452 in
361 5411 423 5467 qiia
435 5394 568 5468 quotidie
590 5396 641 5466 qui
652 5395 723 5451 mali
736 5395 781 5451 vel
794 5394 854 5450 fleti
872 5399 952 5466 sunt,

128 5469 326 5545 persuadente
339 5467 657 5538 diabolopeccatorum
666 5464 839 5522 vulneribus
848 5480 952 5538 percu·

129 5540 241 5615 tiuutur
253 5538 281 5592 in
292 5536 401 5594 anima.
418 5537 611 5603 Quodsutem
622 5536 836 5610 dicitequiiam
846 5536 954 5594 roian-

129 5608 186 5659 tem
199 5619 237 5685 in⁴
249 5608 435 5674 mediocoeli,
455 5613 482 5665 et
498 5608 690 5675 clamantem,
704 5608 755 5664 Vre
772 5612 778 5666 t
799 5608 864 5664 rael
881 5625 926 5664 ree
944 5607 951 5662 t

128 5674 291 5734 Ecclesiam
301 5679 423 5751 intenigi
436 5678 530 5738 votuit
544 5679 695 5738 rotantem
717 5679 747 5739 tn
761 5679 862 5739 medio
874 5679 951 5749 coeh,

999 2133 1161 2190 obscurant
1171 2131 1312 2195 solem,id
1322 2134 1367 2185 est
1380 2128 1585 2192 Ecclesiam,st
1596 2128 1713 2184 sanctis
1727 2130 1831 2201 acius-

1000 2203 1036 2260 tls
1049 2204 1198 2261 interdum
1214 2200 1328 2257 faciunt
1339 2200 1552 2256 obscuritatem
1564 2215 1570 2252 :
1580 2201 1656 2271 quia
1669 2203 1777 2256 tantus
1788 2204 1830 2257 est

1000 2276 1148 2332 malorum
1160 2271 1572 2343 numerus,utaliquotiesvix
1583 2272 1729 2327 intereos
1740 2287 1831 2344 appa-

999 2352 1084 2403 reant
1098 2345 1180 2402 boni.
1197 2344 1280 2410 Sicut,
1297 2343 1403 2415 inquit,
1416 2342 1507 2413 (amas
1519 2342 1643 2412 fornacis
1659 2358 1780 2413 maenae.
1796 2343 1831 2397 Et

999 2434 1032 2473 ee
1045 2418 1119 2489 samo
1128 2417 1202 2489 patei
1212 2416 1335 2470 exieram
1346 2414 1454 2469 locuste
1464 2414 1493 2468 in
1503 2419 1616 2477 terram,
1626 2420 1652 2468 et
1661 2413 1732 2468 data
1744 2422 1781 2470 est
1794 2412 1830 2468 er'r

999 2496 1122 2561 potestas,
1135 2488 1207 2543 sient
1222 2486 1318 2541 habent
1331 2490 1486 2557 potestatem
1497 2485 1603 2555 scorpii
1615 2490 1702 2539 terra
1717 2498 1724 2510 ’
1738 2486 1766 2539 id
1781 2492 1829 2547 est,

1002 2570 1118 2615 venerio
1133 2559 1251 2614 laedere.
1275 2556 1312 2613 Et
1325 2564 1485 2628 praeceptam
1501 2562 1540 2611 est
1561 2554 1630 2622 iltis,
1646 2572 1679 2610 rie
1703 2527 1831 2611 laederent

1001 2631 1093 2702 serum
1113 2637 1193 2686 terrae
1210 2645 1292 2700 aecae
1310 2644 1412 2682 omnem
1430 2627 1562 2692 arborem,
1578 2627 1637 2681 nisi
1650 2627 1785 2682 tornines.
1802 2628 1830 2682 Et

1001 2703 1094 2757 datam
1108 2710 1145 2757 est
1163 2702 1201 2755 et's
1214 2716 1245 2753 ae
1265 2699 1414 2754 acciderent
1429 2714 1479 2752 eos.
1504 2701 1535 2753 Et
1550 2699 1625 2768 quia
1643 2699 1718 2753 dirae
1736 2705 1832 2769 partes

1003 2779 1072 2828 suut
1082 2777 1109 2828 in
1124 2772 1261 2835 Ecclesia,
1271 2771 1418 2825 honoruiii
1430 2768 1540 2825 scilicet
1550 2774 1579 2825 et
1590 2768 1748 2825 malorum
1756 2786 1764 2833 ;
1777 2784 1831 2825 una

1002 2858 1073 2917 pars
1088 2845 1128 2899 sic
1141 2843 1301 2915 percutitur
1316 2845 1346 2897 ut
1361 2840 1534 2911 corrigatur,
1548 2840 1609 2897 alin
1624 2840 1831 2912 voluptatibus

1003 2915 1067 2970 suls
1083 2914 1267 2986 relinquitur.
1282 2912 1353 2967 Pars
1369 2911 1515 2966 bonorum
1532 2911 1740 2967 humiliationi
1754 2914 1765 2946 ³
1780 2920 1832 2967 tra·

1001 2986 1081 3042 ditur
1095 2988 1134 3042 ad
1150 2982 1348 3053 coguitionem
1363 2981 1482 3053 justitiae
1496 2982 1556 3049 llci,
1568 2986 1598 3038 at
1612 2998 1832 3038 coinmeniora·

1002 3059 1115 3113 tionem
1127 3055 1319 3128 paenitentiae,
1336 3054 1412 3108 sicut
1426 3053 1568 3124 scriptum
1582 3053 1756 3116 cretionem
1766 3054 1832 3108 mili

1001 3126 1228 3201 qnodhnmiliasti'
1235 3124 1668 3197 me,ntdt'rceremjastr'fiectioeres
1677 3124 1829 3195 tnaril’rct.

1001 3214 1099 3265 cxviii,
1113 3199 1168 3272 17).
1185 3198 1284 3253 Datum
1299 3198 1387 3250 seteis
1400 3194 1604 3259 aenesidermt,
1621 3195 1669 3250 sed
1685 3202 1717 3251 nt
1731 3196 1832 3251 cracin-

1001 3276 1083 3326 rent:
1100 3275 1125 3325 et
1136 3270 1273 3325 cruciatae
1291 3284 1381 3321 eoram
1400 3268 1469 3323 sient
1491 3268 1631 3322 cruciatae
1642 3267 1760 3339 scorpii,
1775 3283 1830 3321 erim

1000 3343 1123 3414 persistet
1137 3338 1348 3396 hominem:lioc
1357 3348 1427 3394 tuuc
1440 3336 1612 3410 llt,quanda
1626 3338 1771 3394 diabolus
1783 3352 1830 3411 per

1003 3414 1072 3469 vitia
1086 3412 1129 3468 rel
1142 3419 1265 3483 peccata
1280 3424 1394 3465 venena
1406 3409 1601 3480 propinatEt
1613 3414 1743 3481 querant
1754 3408 1830 3463 tomi·

1001 3500 1047 3540 ries
1061 3490 1194 3540 martem:
1211 3487 1335 3537 mortem
1352 3496 1422 3536 vero
1437 3480 1570 3552 requiem
1586 3479 1672 3535 dixit.
1696 3483 1830 3546 Querent

1002 3554 1102 3636 ltaque
1118 3551 1313 3618 morteni,sed
1329 3550 1464 3615 malis,id
1476 3554 1520 3606 est
1533 3549 1793 3615 tribulationibus,
1801 3554 1829 3605 ut

1001 3629 1058 3699 ipsi
1071 3622 1621 3698 reqiiiascant‚dunimalamoriuutiir.
1633 3620 1827 3748 Super-casita,

1002 3696 1107 3770 inquit,
1124 3712 1217 3751 earnm
1230 3703 1356 3766 tanquam
1372 3708 1477 3748 corana
1488 3692 1591 3747 similes
1605 3708 1687 3749 aare.
1704 3696 1759 3750 an
1771 3693 1829 3748 caia

1002 3769 1140 3851 superius
1150 3765 1352 3838 ‹iescriptaest
1362 3767 1390 3819 in
1404 3762 1505 3835 viginti
1514 3764 1827 3837 quatuorsenioritius,

1002 3854 1053 3913 qui
1065 3838 1176 3894 habent
1187 3852 1314 3893 coronas
1322 3850 1429 3891 aureas
1439 3834 1499 3897 ,iiii
1511 3840 1611 3891 autern
1620 3835 1738 3891 similes
1749 3848 1827 3898 auro,

1002 3912 1130 3967 haereses
1144 3914 1298 3980 annaque.
1308 3906 1463 3962 imitantur
1474 3904 1693 3963 Ecclesiain.l·.'t
1704 3906 1829 3963 habebant

1002 3981 1121 4054 capillos,
1134 3977 1322 4051 sicutrapi'ltca
1332 3977 1527 4032 malieramdn
1538 3976 1656 4049 capillis
1670 3979 1828 4035 mulierum

1003 4069 1063 4109 nori
1080 4053 1180 4107 solum
1194 4051 1298 4106 sexum
1313 4047 1530 4112 ellemiuatum,
1548 4048 1602 4103 sed
1617 4050 1711 4105 etiam
1724 4056 1828 4105 utrum·

1002 4140 1061 4196 que
1077 4139 1181 4179 sexum
1196 4121 1289 4177 voluit
1303 4119 1471 4176 ostendere.
1487 4120 1524 4175 Et
1539 4118 1674 4175 trahebant
1686 4119 1829 4176 enodasti·

1003 4196 1080 4250 miles
1090 4192 1217 4265 scorpiis,
1224 4200 1248 4246 et
1257 4190 1344 4246 aculei
1354 4192 1383 4245 in
1394 4191 1488 4246 caedis
1496 4191 1830 4248 earammaudashere·

1003 4267 1128 4322 ticorum
1143 4262 1322 4337 prepositos
1337 4262 1416 4329 dicit,
1434 4265 1509 4317 sicut
1525 4263 1672 4332 scriptum
1694 4269 1752 4327 est,
1765 4262 1828 4318 Pro·

1001 4338 1083 4410 pheta
1096 4336 1189 4391 dacem
1208 4333 1386 4399 mendacium,
1401 4332 1444 4389 liic
1460 4338 1497 4388 est
1511 4332 1601 4389 cardo
1616 4333 1698 4404 (lsai.
1716 4336 1827 4405 ix,15t;

1003 4410 1056 4481 qui
1079 4414 1148 4463 sunt
1161 4404 1455 4532 pseudo-prophetae,
1472 4410 1500 4460 et
1521 4404 1552 4460 hi
1571 4403 1709 4461 crudelia
1730 4420 1828 4475 regum

1019 4479 1159 4560 ussnirup
1172 4483 1230 4533 ent.
1238 4476 1369 4531 Habentes
1377 4491 1493 4546 saperes
1504 4476 1724 4548 repensandam
1732 4475 1829 4549 abaci:

1004 4551 1033 4609 rd
1049 4554 1101 4621 est,
1118 4548 1273 4604 diabolum
1292 4546 1335 4601 vel
1351 4548 1573 4617 regeinsmauli.
1588 4548 1730 4620 abyssus
1762 4562 1830 4621 opu·

1003 4620 1050 4678 lus
1064 4627 1118 4676 est.
1135 4620 1187 4677 Cae'
1202 4636 1294 4673 aomar
1308 4617 1429 4673 hebraice
1443 4617 1680 4689 Abaddon,9reeee
1689 4566 1829 4685 aeoliam,

1006 4692 1089 4749 latim
1102 4691 1234 4746 Perdens.
1250 4688 1295 4745 Vae
1307 4706 1389 4744 annai
1399 4689 1481 4753 abiit,
1493 4696 1518 4744 et
1527 4704 1582 4744 ecce
1592 4688 1647 4745 dno
1659 4706 1703 4747 aar
1714 4692 1830 4753 reniam,

1004 4770 1065 4835 post
1080 4763 1146 4818 liare.
1163 4762 1203 4817 Ec
1213 4767 1306 4816 sectas
1319 4760 1430 4832 angetur
1444 4760 1510 4815 taba
1523 4758 1722 4818 cecinit5hinc
1737 4761 1831 4834 incipit

1006 4836 1172 4890 novissima
1188 4832 1369 4905 praedicatio.
1386 4832 1424 4886 Et
1444 4831 1539 4886 audini
1557 4848 1642 4887 annm
1662 4849 1699 4888 ee
1722 4842 1833 4907 quotane

1005 4904 1262 4975 earnibasaaaclam
1284 4902 1384 4958 altaris
1405 4902 1634 4975 auraemalae
1655 4904 1833 4977 incomperta

1006 4978 1069 5042 Dei,
1085 4976 1213 5031 dicentem
1228 4981 1302 5029 reeta
1316 4972 1419 5055 capelo,
1434 4974 1482 5045 qai
1493 4972 1609 5030 trabitur
1623 4974 1720 5031 tabam
1735 4995 1745 5031 :
1764 4976 1834 5032 Soloe

1005 5055 1123 5121 quatuor
1133 5046 1248 5119 angelos,
1257 5044 1305 5117 qui
1314 5044 1422 5117 alligati
1432 5050 1496 5100 sant
1506 5045 1536 5099 ia
1549 5046 1664 5115 flamine
1676 5064 1775 5120 maana
1783 5048 1833 5104 Ee·

1006 5118 1113 5191 pirate.
1127 5116 1312 5187 altarequod
1327 5122 1371 5172 est
1382 5116 1411 5172 in
1426 5122 1589 5187 conspectu
1606 5118 1833 5183 tlei,Ecctesiem

1006 5193 1068 5247 vult
1083 5188 1216 5259 intelligi,
1230 5204 1299 5260 qum
1313 5187 1343 5243 in
1357 5192 1490 5258 tempore
1503 5188 1684 5245 novissimae
1699 5206 1835 5263 persecu·

1007 5261 1096 5319 tionis
1121 5260 1232 5316 audeat
1252 5256 1450 5314 crudelissimi
1468 5258 1547 5326 regis
1569 5258 1666 5317 verba
1688 5270 1744 5318 aut
1755 5264 1833 5335 jussa

1007 5337 1207 5395 contemnere,
1215 5328 1573 5401 etabobtemperantibus
1585 5330 1836 5390 discedere.Satre

1006 5402 1236 5477 qnataarmipetas
1244 5402 1274 5457 iri
1283 5400 1395 5470 {lamine
1404 5398 1558 5472 Euphrate.
1567 5401 1697 5461 Flumen
1709 5404 1834 5479 Euphra·

1008 5480 1067 5533 tem
1083 5479 1273 5547 peccatorem
1287 5473 1433 5545 populum
1448 5471 1533 5541 dixit,
1549 5473 1580 5530 in
1593 5486 1661 5549 quo
1675 5482 1799 5536 autenm
1810 5476 1837 5531 et

1038 5562 1129 5625 ¹lllas.,
1146 5560 1179 5611 ad
1193 5562 1317 5613 (eternam
1332 5558 1533 5613 beatitudinem.

1037 5624 1124 5739 llll:
1140 5622 1310 5738 lcdffllisdttaa
