3952 6150
85 212 167 275 1481
707 213 939 281 reseratus
962 219 1016 282 xl.
1039 219 1183 288 CAPUT.
1206 227 1247 288 ΙΙ.
1778 237 1858 301 tiss

82 352 155 410 boni
171 354 313 410 adversus
330 350 424 410 maios
439 353 577 423 clamant,
588 350 843 410 etmaliadversue
855 354 946 412 bonos
1002 376 1079 431 nam,
1096 365 1185 434 gratis
1196 365 1431 424 colenteslieurn.
1450 367 1577 435 Ludunt,
1589 371 1856 447 etotaitapostotns

83 443 259 513 reclamant,
276 447 306 500 et
320 443 350 500 in
367 444 455 501 unius
476 442 636 501 visceribus
650 443 767 516 utrique
782 443 942 502 luctantur.
1000 457 1243 523 persecutionem.
1265 458 1336 515 Nam
1361 464 1550 532 posteaquam
1578 462 1651 519 dixit
1679 463 1740 521 hac
1769 469 1857 526 verba

87 533 669 607 Numquidsempersimuleruntilniloe
680 534 775 592 exitur
788 535 826 591 ad
836 534 942 603 lucem.
999 544 1164 615 Apostolus,
1182 549 1213 603 st
1229 548 1300 605 sicut
1316 550 1442 605 tuaeilis
1455 551 1665 622 quiescendum
1679 569 1791 614 samem
1801 575 1853 615 Μ.

87 623 944 697 deelaratnrnativitasquohieinseoramentoliguraturzst
997 637 1126 701 suaerat,
1140 639 1351 710 persequebatur
1365 654 1427 695 sum
1440 638 1490 711 oui
1500 641 1801 715 secuadumspiritum,
1817 649 1858 704 itu

84 720 157 770 tunc
171 714 333 787 apparebit,
348 713 431 771 iacob
446 713 542 781 ditem,
562 714 633 769 Esou
656 721 749 770 autem
764 713 824 771 odio
844 713 939 770 isabui.
1000 725 1026 776 et
1038 739 1132 786 arene:
1146 731 1264 784 secutos
1279 733 1333 796 est,
1349 733 1378 786 et
1393 730 1520 786 ostendit
1540 732 1574 788 de
1586 749 1642 804 qua
1654 737 1858 806 persecutione

123 805 167 859 tl.
183 805 248 859 lam
265 819 333 876 ergo
348 802 525 874 invenimus,
537 803 688 873 iratres,et
701 802 945 873 debonishonos,
1001 810 1131 869 diceret:
1149 815 1201 872 Sed
1227 818 1293 889 quid
1313 818 1382 874 dicit
1405 817 1573 892 Scriptura!
1588 822 1666 894 Eiics
1684 826 1819 882 ancillam
1832 835 1859 884 et

84 894 121 948 do
136 893 235 949 libere
249 894 332 950 lsaac
348 909 356 949 ε
373 895 401 949 et
411 894 447 950 de
458 892 545 951 maiis
556 892 660 962 malos,
671 891 817 951 desneilla
826 892 944 951 ismael:
999 899 1091 970 filium
1104 903 1183 974 ejrss:
1198 921 1253 962 nou
1263 907 1338 962 euim
1352 908 1440 964 iteres
1453 912 1506 965 erit
1516 909 1715 978 fitiasaaa'ttae
1726 929 1789 970 eum
1799 914 1857 985 fitia

82 988 109 1037 et
126 982 164 1039 da
180 981 269 1039 bonis
284 981 389 1050 malos,
404 983 480 1040 lisao
496 983 533 1039 de
547 983 686 1053 Rebecca,
701 981 742 1039 lie
757 981 944 1040 malishonos
997 1005 1057 1047 meo
1084 992 1161 1049 isaac
1184 994 1262 1064 (Gerr.
1280 1012 1338 1065 nr,
1355 996 1440 1064 9-12;
1454 996 1541 1056 Galat.
1566 1015 1605 1069 rr,
1620 999 1666 1069 29,
1693 1001 1749 1073 30).
1773 1004 1858 1070 Qua·

83 1072 131 1127 ulsi
150 1072 363 1129 inveniemus?
377 1071 478 1129 Restat
498 1070 597 1141 iacob,
613 1076 645 1129 ut
664 1072 694 1129 iu
710 1071 804 1130 tribus
819 1073 944 1146 patriar·
999 1078 1093 1136 rimus
1107 1080 1158 1137 ubi
1173 1081 1228 1140 hoo
1243 1084 1318 1141 dicat
1342 1085 1501 1159 Scriptura,
1527 1090 1559 1144 ut
1579 1089 1731 1147 videamus
1757 1095 1855 1150 utrum

82 1161 149 1218 ciris
176 1167 306 1235 quatuor
335 1178 476 1236 generum
507 1162 631 1219 istorum
661 1162 799 1236 perfectio
828 1163 946 1220 conclu·

84 1252 184 1308 datur.
202 1251 309 1309 Habuit
322 1251 649 1323 uxoreslacohliberas,
661 1253 762 1310 habuit
772 1252 945 1312 oianciilae:

85 1343 212 1412 pariunt
232 1342 341 1410 iibere,
357 1344 476 1415 pariunt
488 1345 518 1399 et
532 1341 655 1413 ancillae,
667 1346 695 1398 et
705 1342 779 1398 ilunt
793 1343 945 1401 duodecim

86 1430 138 1486 iiiii
158 1430 248 1487 lsrael
261 1429 338 1504 (Gen.
354 1447 430 1500 nix,
443 1447 508 1502 xxx,
523 1430 618 1503 xxxv).
639 1432 669 1487 Si
691 1447 826 1489 numeres
845 1448 948 1489 omnes

83 1522 117 1576 de
133 1521 247 1592 quibus
258 1521 318 1578 nati
329 1526 410 1590 sunt,
421 1538 479 1581 noa
490 1539 594 1579 omnes
605 1523 640 1579 de
652 1523 761 1590 liberis,
777 1538 834 1580 non
845 1540 948 1582 omnes

84 1610 119 1666 de
133 1610 254 1667 ancillis
270 1626 278 1668 z
293 1612 343 1668 sed
359 1615 458 1668 tamen
487 1627 587 1668 omues
614 1627 646 1668 er
665 1627 721 1669 uno
737 1614 857 1670 semine.
874 1614 947 1681 Quid

83 1714 166 1773 ergo,
180 1700 286 1758 iratres
301 1700 382 1759 maii
396 1701 542 1774 numquid
557 1702 608 1775 qui
623 1701 683 1758 uati
698 1707 766 1759 suut
776 1701 812 1760 de
822 1703 948 1774 ancillis,

86 1806 146 1845 non
162 1788 253 1846 simui
269 1790 465 1863 possederunt
478 1794 585 1848 terram
603 1791 805 1864 promissionis
816 1807 880 1848 cum
891 1793 950 1849 ira-

86 1880 184 1938 tribus
202 1880 947 1940 enisilorenimusibibonosiiiioslacohnatosde

999 1167 1097 1240 aliqua
1112 1173 1274 1242 persecutio
1295 1175 1475 1247 precesserit
1499 1176 1630 1233 ismaelis
1654 1177 1684 1233 io
1705 1177 1788 1236 leaeo
1804 1197 1811 1237 :
1828 1185 1858 1237 et

1000 1255 1163 1315 invenimus
1179 1259 1233 1317 hoo
1249 1262 1360 1318 dictum
1376 1279 1440 1320 csse
1455 1267 1565 1335 asara,
1575 1267 1692 1337 quando
1702 1267 1857 1342 riditpus·

1001 1361 1049 1402 ros
1066 1346 1197 1407 ludentes
1221 1350 1320 1409 simul.
1349 1354 1440 1420 Quam
1461 1352 1607 1411 lusionem
1624 1355 1695 1412 dicit
1707 1356 1857 1431 Scriptura

1000 1435 1109 1495 vidisse
1122 1438 1233 1510 Seram,
1249 1441 1323 1498 hano
1352 1443 1581 1515 persecutionem
1602 1445 1673 1502 dicit
1688 1448 1857 1519 Apostolus.

1002 1525 1071 1582 Plus
1086 1542 1154 1601 ergo
1170 1545 1221 1586 vos
1238 1534 1453 1603 persequuntur
1467 1532 1518 1604 qui
1533 1548 1583 1590 ros
1597 1533 1749 1593 illudendo
1764 1538 1857 1594 sedu-

1002 1624 1072 1672 cunt
1087 1633 1094 1672 ε
1111 1618 1196 1688 Veni,
1224 1621 1288 1676 veni
1304 1636 1312 1687 ;
1328 1621 1475 1692 baptizare
1495 1621 1552 1692 hic,
1577 1622 1626 1680 hic
1649 1621 1741 1681 hahes
1755 1640 1857 1684 varum

1003 1704 1193 1778 baptismum.
1218 1706 1282 1765 Noli
1304 1709 1413 1776 ludere,
1439 1725 1515 1767 unns
1533 1715 1577 1768 cst
1591 1727 1693 1780 rerus3
1709 1712 1759 1769 ilie
1772 1711 1856 1773 loeus

1003 1799 1047 1851 est
1062 1810 1069 1850 :
1084 1796 1232 1854 seduceris
1247 1796 1268 1868 ¹,
1284 1802 1313 1855 et
1340 1799 1397 1856 ista
1423 1801 1587 1872 persecutio
1614 1801 1710 1875 gravis
1723 1803 1775 1859 tibi
1791 1803 1856 1861 erit.

1002 1883 1103 1941 illelius
1114 1885 1167 1942 tihi
1178 1888 1240 1942 erat
1250 1890 1282 1943 ut
1291 1886 1444 1945 ismaelem
1456 1893 1485 1946 tu
1497 1887 1653 1946 lucrareris
1663 1891 1698 1947 sd
1708 1906 1833 1964 reguum
1846 1909 1854 1959 ;

85 1969 218 2038 ariciilis,
232 1974 260 2026 et
275 1969 367 2027 bonos
382 1969 459 2028 filios
473 1970 560 2027 iacob
576 1977 659 2027 natos
684 1972 719 2027 do
742 1969 850 2029 liberis.
867 1970 946 2028 Nihil
1000 1974 1051 2031 sed
1067 1990 1124 2033 non
1140 1975 1201 2032 ruit
1214 1975 1329 2044 lamuel,
1343 1978 1412 2051 quia
1425 1977 1526 2036 ludere
1538 1978 1610 2036 vuit.
1626 1981 1706 2037 'leue
1716 1985 1748 2038 lu
1764 1980 1856 2040 bere-

83 2057 146 2116 illis
161 2059 259 2115 obluit
274 2059 410 2115 nativitas
424 2059 460 2115 de
476 2060 564 2117 uteris
585 2058 766 2128 ancillarum,
783 2061 899 2133 quando
914 2060 944 2117 io
999 2063 1120 2121 dilatem
1137 2067 1237 2138 patris,
1253 2071 1283 2124 et
1297 2067 1367 2125 sudi
1384 2083 1391 2125 :
1408 2068 1481 2138 iiiios
1492 2067 1664 2126 cosiliamet
1678 2070 1770 2141 pilium
1780 2071 1857 2141 cius:

83 2156 169 2222 petre
184 2152 384 2220 cognoverunt
398 2164 496 2206 semen
512 2166 612 2217 suum,
628 2152 657 2206 et
675 2153 887 2222 consequenter
902 2166 946 2208 ra·
998 2169 1053 2210 aaa
1065 2156 1141 2210 caim
1160 2156 1249 2214 heres
1263 2156 1318 2212 erit
1332 2156 1408 2228 filius
1421 2157 1603 2215 cautiaecum
1618 2157 1680 2228 filio
1692 2174 1749 2216 mse
1764 2162 1855 2218 isaac.

79 2256 177 2312 gnum
189 2256 258 2297 cum
269 2241 583 2299 iratribustsnueruot.
594 2243 744 2310 Quomodo
755 2258 823 2314 ergo
835 2242 863 2298 in
876 2243 944 2300 filiis
1036 2244 1079 2300 t3.
1097 2244 1148 2300 lsti
1163 2245 1252 2303 etiam
1267 2246 1377 2303 audent
1391 2247 1485 2304 dicere
1496 2248 1563 2318 quis
1572 2249 1803 2319 persecutionem
1811 2265 1858 2308 so·

80 2330 176 2387 lacon
192 2346 250 2387 non
267 2329 360 2387 obiuit
381 2331 440 2388 iliis
456 2331 507 2405 qui
523 2333 582 2390 nati
598 2336 667 2388 sunt
680 2333 715 2388 de
730 2331 855 2399 ancillis,
869 2348 943 2404 quo·

81 2422 186 2477 minus
202 2424 335 2477 tenerent
350 2436 482 2493 regnum,
497 2426 527 2478 et
541 2426 649 2478 terram
660 2421 862 2493 promissionis
877 2438 943 2478 cum
1000 2423 1096 2494 pibus.
1122 2423 1215 2488 Quam
1245 2427 1476 2498 persecutionem
1502 2424 1649 2482 toleranti
1660 2426 1855 2486 stillationem

79 2511 230 2567 iratribus
240 2525 275 2566 ex
289 2525 372 2583 equo
386 2510 551 2583 acciperent
564 2529 571 2581 ;
589 2527 647 2567 non
663 2509 721 2566 iilis
731 2511 887 2568 abluerunt
896 2527 945 2567 ns·
999 2514 1177 2585 corporiszsi
1188 2518 1284 2572 tamen
1296 2516 1455 2590 aliquando
1467 2517 1544 2590 passi
1555 2521 1634 2585 sunt,
1646 2521 1696 2574 aut
1708 2519 1856 2590 quomodo

81 2598 945 2672 talesancillarum,sedpresualuitsemenpaternum:sio
999 2603 1079 2677 possi
1109 2608 1189 2672 sunt,
1205 2603 1261 2678 ipsi
1290 2605 1393 2673 sciant,
1423 2609 1452 2660 et
1480 2605 1656 2662 conveniant
1683 2606 1859 2665 couscientia

1000 2333 1058 2391 lent
1074 2334 1132 2406 pati
1148 2335 1330 2393 acatholicis
1345 2336 1473 2408 regibus,
1489 2343 1539 2392 sut
1554 2352 1570 2392 a
1585 2336 1737 2393 catholicis
1752 2339 1859 2410 princi·
1951 2382 1958 2391 .

78 2689 945 2765 quicumquepermeloshuptizantur,tanquamdeancillis

75 2782 226 2837 ridentur
249 2779 325 2847 nati;
342 2780 391 2835 aad
418 2784 515 2837 tamen
539 2780 609 2852 quia
627 2795 662 2836 ex
672 2780 782 2837 semina
792 2782 871 2839 verbi
881 2780 943 2844 Dei.

76 2870 165 2943 quod
183 2869 363 2943 figuraturin
375 2870 473 2937 taeob,
491 2887 546 2926 non
557 2869 774 2940 contristentur,
786 2870 945 2928 simulhe-

77 2959 945 3033 reditatemcumfratribuspossidebunt.Securusergosit

79 3047 139 3119 qui
168 3046 208 3102 de
230 3045 342 3103 semine
357 3047 431 3102 bono
447 3047 592 3117 naseitnr;
609 3050 724 3104 tontum
741 3063 798 3104 non
815 3047 947 3105 imitetur

79 3136 243 3207 ancillam,
259 3135 284 3193 si
300 3137 336 3193 da
352 3137 457 3194 ancilla
468 3138 608 3194 nascitur.
619 3137 764 3195 Ancillam
777 3138 882 3195 maiam
894 3156 947 3197 su·

78 3229 273 3300 perhieotem
290 3226 490 3284 nouimiteris.
505 3226 586 3285 Unde
596 3228 674 3284 enim
684 3228 733 3282 iulii
744 3229 835 3285 Jacob
848 3230 946 3285 dean-

77 3316 162 3375 cillis
179 3315 253 3385 uati,
268 3316 459 3388 possederunt
475 3322 582 3374 terram
592 3316 794 3390 promissionis
809 3333 875 3375 curn
888 3318 945 3376 ira·

77 3406 195 3474 trihus,
209 3404 314 3461 ismael
326 3406 468 3462 autemde
479 3406 585 3462 ancilla
596 3410 694 3475 natus,
704 3405 894 3479 expulsusest
909 3408 946 3464 ah

78 3495 282 3553 haereditate‘l
297 3494 387 3563 Unda,
403 3494 459 3553 nisi
488 3496 557 3569 quia
580 3495 630 3554 iile
657 3498 800 3568 superbus
816 3501 887 3564 erat,
903 3495 946 3554 iiii

79 3584 220 3643 humiles
230 3583 244 3640 i
255 3584 353 3642 Erexit
365 3585 414 3642 ille
428 3588 578 3654 cervicem,
589 3591 618 3644 et
635 3585 724 3644 voluit
739 3588 876 3646 seducere
890 3590 946 3646 ira·

80 3682 164 3732 trem
180 3690 282 3744 suum,
298 3675 401 3732 tudens
415 3691 482 3733 oum
498 3675 558 3732 illo.

125 3766 171 3820 ts.
204 3763 341 3837 Magnum
358 3764 396 3821 ibi
425 3770 650 3823 sacramentum.
680 3766 831 3824 Ludebant
858 3770 946 3827 simul

86 3852 200 3910 ismael
211 3851 488 3921 etlseac3viditilios
499 3853 945 3926 Saratuoantas,etatitbrabe:

87 3948 168 4013 Erice
178 3944 315 4000 ancillam
325 3948 351 4001 et
364 3942 457 4011 filium
467 3946 542 4017 ejus:
557 3961 611 4003 aon
622 3948 696 4003 euim
708 3945 796 4027 ireres
806 3948 863 4005 erit
871 3949 945 4019 fitius

84 4037 204 4093 cremitae
217 4051 279 4092 cum
290 4035 348 4102 tilio
363 4053 423 4093 oreo
437 4038 525 4093 lseoc.
543 4038 575 4094 Et
589 4038 855 4096 cumoorrtristatus
870 4045 948 4097 esset

84 4126 250 4195 Abraham,
262 4126 446 4183 confirmavit
456 4127 482 4183 ei
496 4126 638 4184 Dominus
647 4129 758 4185 dictum
767 4129 863 4187 uxoria
872 4131 946 4201 ejus.

88 4217 159 4273 lam
175 4216 224 4272 hie
239 4217 424 4274 maniiestum
454 4222 498 4275 est
525 4227 751 4286 sacramentum,
766 4221 834 4293 quia
850 4224 947 4279 neseio

85 4303 162 4378 quid
178 4303 309 4361 tutorum
326 4306 504 4377 parturiebat
518 4306 568 4364 ilia
582 4323 628 4364 res
644 4312 737 4380 gesta.
749 4309 892 4366 Ludantes
906 4308 948 4366 vi·

88 4394 147 4463 dit,
161 4402 190 4451 et
205 4394 277 4450 dicit
293 4411 300 4449 ι
317 4396 392 4466 bjice
416 4395 546 4452 curtilem
573 4404 599 4452 et
626 4397 718 4468 fitium
731 4399 799 4470 ejus.
815 4399 887 4463 Quid
903 4402 948 4455 est

90 4483 159 4550 hoc,
176 4482 282 4540 iratres
294 4482 308 4538 i
322 4484 396 4548 Ouid
425 4485 503 4541 enim
524 4485 592 4542 mali
616 4487 722 4544 iecerat
736 4486 840 4544 ismael
857 4502 946 4559 puero

87 4571 183 4637 lsanc,
199 4572 268 4643 quia
296 4572 413 4629 ludebat
435 4589 504 4629 cum
529 4572 600 4631 ilici
611 4574 666 4630 Sed
683 4572 733 4631 illa
745 4574 831 4644 lusio,
847 4574 947 4631 illusio

91 4663 178 4727 erat;
194 4659 246 4716 iiis
275 4661 352 4717 lusio
369 4663 569 4734 deceptionem
590 4663 785 4735 significahat.
801 4663 873 4720 Nom
888 4680 948 4720 ma·

88 4767 181 4823 gnum
196 4759 413 4809 sacramentum
430 4754 561 4809 attendat
575 4754 710 4811 Charitas
724 4758 827 4811 vestra.
845 4755 947 4812 Perse·

87 4840 241 4897 cntionem
268 4840 347 4897 illam
370 4845 455 4898 vocat
482 4842 659 4914 Apostolum
681 4843 774 4916 ipsam
791 4842 947 4912 lusionem,

87 4930 190 5001 ipsum
214 4930 312 4986 lusum
342 4931 570 5002 persecutionem
590 4937 694 4990 vocat:
720 4934 761 4989 ait
781 4933 870 4999 enim,
893 4933 949 4989 Sed

88 5022 162 5075 sicut
178 5027 245 5074 tuuc
257 5019 306 5075 itis
318 5021 368 5092 qui
380 5020 535 5078 secundum
549 5037 661 5079 caraem
674 5028 758 5079 natm
771 5031 842 5090 erut,
856 5038 948 5095 perse·

90 5111 229 5184 pusiolus
239 5126 303 5166 eum
313 5113 744 5186 putrecursdumspiritum,ituet
755 5131 844 5177 nunc:
855 5115 948 5181 idest,

89 5200 142 5272 qui
168 5199 333 5257 secundum
350 5217 466 5259 earnem
487 5202 549 5260 nati
572 5207 653 5275 sunt,
668 5207 884 5276 persequuntur
898 5219 948 5261 eos

91 5288 527 5363 quiescendumspiritnmnatl
544 5292 685 5359 santoni
700 5296 771 5349 sunt
786 5293 947 5349 secuudum

92 5391 213 5434 carnem
228 5374 290 5433 nati
304 5377 319 5432 ‘i
332 5376 612 5446 Dilectoresmundi,
626 5376 948 5447 amatoressecuii.0ui

92 5472 162 5524 snut
177 5469 342 5526 secundum
363 5469 497 5542 spiritum
522 5471 608 5529 ostii
627 5475 778 5530 Amatores
794 5471 875 5546 regni
890 5486 948 5529 coe·

93 5560 201 5635 lorum,
233 5565 387 5624 dilectores
415 5565 533 5639 Christi,
555 5567 753 5628 desiderantes
767 5567 949 5647 ritamater-¹

258 5664 390 5728 Parnon.
413 5664 534 5730 XXXV.

999 2708 1068 2749 suas
1082 2707 1090 2759 ;
1105 2695 1202 2749 tamen
1218 2692 1405 2751 stillationem
1414 2694 1546 2766 eorporis
1561 2692 1641 2767 passi
1656 2698 1747 2751 sunt:
1764 2710 1859 2767 perse·

1000 2782 1078 2837 cutio
1093 2797 1179 2852 quam
1197 2781 1307 2837 iaciunt
1318 2782 1434 2854 gravior
1449 2786 1505 2839 est.
1517 2781 1591 2838 Cave
1603 2782 1719 2854 quando
1736 2783 1799 2839 vult
1813 2782 1858 2840 lu·

1001 2868 1067 2925 dere
1077 2869 1180 2927 lsmael
1190 2885 1256 2925 cunr
1268 2858 1358 2939 isaac,
1372 2869 1489 2943 quaudo
1502 2870 1554 2927 tibi
1567 2869 1726 2937 blanditur,
1738 2874 1857 2944 quondo

1000 2958 1083 3015 otiert
1097 2958 1217 3015 alterum
1232 2958 1411 3031 baptismum
1428 2976 1434 3015 :
1453 2960 1604 3033 responde,
1617 2959 1712 3019 liabeo
1724 2961 1785 3032 jam
1802 2961 1857 3018 Ba·

1000 3043 1155 3116 ptismum.
1171 3046 1199 3100 ei
1215 3043 1294 3100 enirn
1309 3060 1394 3102 verus
1408 3049 1453 3102 est
1473 3046 1528 3102 iste
1544 3046 1718 3118 baptismus,
1734 3045 1787 3118 qui
1802 3046 1857 3103 tibi

1000 3135 1058 3191 ruit
1074 3135 1142 3190 dare
1157 3134 1285 3205 alterum,
1303 3134 1426 3191 illudere
1441 3139 1469 3191 to
1484 3133 1567 3191 uniit.
1583 3137 1656 3191 (lave
1679 3136 1784 3193 anime
1795 3151 1857 3207 per·

1001 3230 1174 3283 secutorem.
1190 3225 1263 3282 Nam
1282 3225 1307 3281 si
1328 3242 1346 3281 a
1369 3225 1551 3298 principibus
1577 3224 1728 3282 catholicis
1743 3225 1856 3299 aliquid

1002 3333 1089 3390 passa
1105 3325 1146 3374 est
1162 3334 1229 3390 pars
1259 3317 1361 3374 Donati
1386 3315 1554 3390 aliquando,
1570 3317 1732 3373 seeundum
1749 3332 1857 3388 eorpus

1000 3423 1088 3478 passa
1102 3411 1157 3474 est,
1174 3423 1232 3463 noo
1248 3407 1407 3464 secundum
1422 3406 1588 3461 illusionem
1600 3405 1731 3476 spiritus.
1749 3404 1859 3460 Audite

1001 3502 1030 3554 et
1044 3495 1136 3554 videte
1151 3500 1180 3553 in
1195 3497 1268 3568 ipsis
1291 3495 1437 3552 ueteribus
1460 3493 1555 3560 iactis,
1580 3492 1676 3549 omnis
1692 3493 1858 3551 futurarum

1000 3602 1097 3643 rerum
1114 3585 1197 3657 signa
1212 3589 1241 3641 et
1255 3583 1372 3640 indicia.
1386 3581 1531 3638 inuenitur
1545 3581 1615 3637 Sara
1628 3580 1767 3638 aissirisse
1780 3583 1859 3654 Agar

1001 3674 1136 3733 ancillam
1154 3689 1161 3730 :
1178 3674 1248 3730 Sara
1276 3672 1367 3729 libera
1394 3676 1462 3728 est:
1492 3673 1682 3744 posteaquam
1706 3668 1858 3743 superbire

1001 3764 1088 3838 cepit
1103 3762 1219 3830 ancilia,
1235 3764 1396 3834 questuosi
1410 3760 1533 3818 Abrahae
1547 3759 1629 3829 Sara,
1645 3763 1674 3816 et
1688 3759 1772 3830 dixit,
1785 3758 1858 3831 lites

1000 3854 1135 3914 ancillam
1148 3870 1159 3916 ,·
1173 3855 1262 3910 nexit
1276 3852 1419 3909 aduersum
1436 3867 1477 3908 me
1487 3853 1617 3908 ceruicem
1626 3866 1716 3909 suam.
1728 3850 1763 3907 ili
1773 3850 1858 3923 quasi

1001 3947 1038 4004 ah
1057 3945 1205 4003 Abraham
1221 3945 1312 4011 fleret,
1339 3944 1374 4000 de
1398 3941 1543 4000 Abraham
1560 3947 1664 4016 questa
1678 3945 1722 4000 eet
1738 3941 1854 4000 mulier.

1002 4036 1147 4092 Abraham
1163 4051 1230 4092 vero
1245 4033 1295 4106 qui
1315 4049 1372 4089 non
1402 4034 1432 4089 in
1461 4032 1566 4089 ancilla
1582 4031 1701 4089 libidine
1716 4031 1856 4090 abutendi

1002 4126 1165 4191 tenebatur,
1179 4124 1229 4181 sed
1246 4122 1340 4180 oiilcio
1356 4120 1525 4194 generandi,
1538 4121 1675 4193 quoniam
1688 4119 1797 4176 Saraai
1808 4121 1856 4177 de·
1940 4122 1947 4133 “

1002 4216 1085 4273 derat
1112 4213 1189 4271 unde
1213 4211 1323 4286 prolem
1349 4211 1521 4284 susciperet,
1551 4210 1589 4266 ait
1606 4209 1633 4266 el
1649 4225 1655 4265 :
1669 4212 1736 4265 tices
1751 4208 1855 4265 casilia

1001 4306 1058 4370 tuo,
1075 4313 1151 4359 utere
1165 4317 1197 4358 eu
1211 4303 1283 4357 siout
1296 4302 1348 4356 uis.
1364 4299 1399 4354 lit
1410 4298 1511 4354 aiiiixit
1521 4311 1585 4352 eam
1596 4295 1721 4368 graviter
1733 4294 1815 4360 Sars,
1825 4298 1855 4351 et

1002 4393 1077 4464 iugit
1092 4409 1108 4448 a
1124 4390 1196 4447 iacis
1206 4390 1281 4461 ejus.
1297 4388 1368 4445 ane
1380 4383 1737 4450 liberariilisitaneillam,
1753 4386 1783 4438 et
1795 4397 1853 4440 non

1001 4481 1081 4538 iilam
1097 4483 1180 4537 vocnt
1205 4476 1436 4550 persecutionem
1463 4472 1638 4546 Apostolus;
1666 4471 1738 4528 ludit
1752 4487 1854 4528 sersus

1001 4586 1068 4629 eum
1094 4567 1221 4636 domino,
1238 4569 1267 4622 et
1286 4563 1516 4638 persecutionem
1538 4565 1622 4619 vocat
1639 4576 1646 4618 τ
1662 4561 1782 4620 atiliotio
1797 4561 1854 4620 ista

1001 4675 1058 4717 non
1075 4660 1194 4715 vocatur
1217 4653 1391 4729 persecutio,
1407 4657 1436 4708 at
1465 4650 1540 4709 lusio
1564 4651 1855 4725 iilavocaturperss·

1001 4751 1088 4808 cutio.
1105 4747 1179 4815 Quid
1193 4745 1275 4804 vobis
1290 4745 1415 4813 videtur,
1433 4742 1561 4801 iratresi
1575 4744 1676 4801 Nonne
1691 4742 1854 4817 intelligitis

1002 4838 1069 4912 quid
1086 4836 1281 4910 significatum
1292 4835 1354 4891 siti
1367 4834 1493 4907 sicergo
1504 4831 1689 4906 queodoruit
1699 4831 1776 4891 Deus
1786 4847 1854 4888 coo·

1002 4930 1089 4987 citare
1105 4931 1261 5001 potestates
1284 4926 1425 4983 adversus
1450 4923 1611 4991 haereticos,
1626 4924 1761 4979 adversus
1776 4919 1854 4976 sobi·

1002 5017 1151 5087 smaticos,
1171 5017 1309 5074 adversus
1333 5015 1525 5087 dissipatores
1550 5011 1692 5078 maraste,
1716 5009 1854 5066 aduersus

1002 5107 1200 5167 exsuiilatores
1226 5105 1344 5173 Christi,
1365 5105 1502 5161 adversus
1526 5098 1775 5172 blasphematores
1797 5097 1855 5156 Ba·

1003 5199 1113 5273 ptismi,
1127 5213 1184 5253 non
1201 5195 1364 5262 mirantum
1381 5193 1448 5266 quia
1467 5190 1544 5246 Deus
1559 5185 1695 5257 eonoitat,
1707 5190 1739 5243 ut
1751 5203 1769 5245 e
1783 5187 1854 5246 Sars

1001 5291 1168 5349 verberetur
1193 5290 1277 5359 Agar.
1310 5285 1472 5357 Cognoscat
1503 5295 1533 5337 se
1563 5280 1650 5349 Agar,
1678 5282 1766 5349 ponet
1794 5294 1855 5337 cer·

1002 5381 1092 5440 ricem
1110 5395 1117 5436 ε
1134 5376 1282 5453 quiscum
1296 5371 1452 5429 humiliata
1466 5368 1628 5427 discederet
1637 5368 1779 5427 adomim
1788 5384 1853 5441 sua,

1002 5472 1127 5530 occurrit
1147 5467 1173 5524 ei
1202 5462 1331 5538 angelus.
1348 5465 1376 5519 et
1402 5459 1483 5531 dixit,
1511 5456 1584 5532 Quid
1597 5462 1650 5527 est,
1665 5459 1738 5531 Aper
1751 5458 1854 5516 cautio

1036 5571 1044 5605 ¹
1060 5569 1090 5619 lu
1109 5561 1280 5624 tricastina,
1295 5559 1369 5612 lusus
1383 5561 1420 5616 esi
1433 5558 1564 5612 seduecus.
1579 5557 1608 5608 Io
1620 5571 1683 5622 uno,
1696 5557 1822 5610 sederetur.

1422 5649 1696 5734 itinerante-sept.)
