3952 6150
645 316 683 378 lN
705 316 868 380 totonis
888 313 1154 389 EVANGELIUM,
1178 320 1211 379 S.
1234 320 1447 384 AUGUSTlNl

164 472 251 513 moue
266 455 405 513 fabricato
420 451 581 511 adorabant
603 455 711 520 Deum,
731 452 906 508 Samaritani
928 452 1019 522 {longe

165 544 232 603 iude
247 543 344 618 positi,
357 560 415 600 non
426 541 456 600 in
472 559 504 598 eo
520 541 690 597 adorabant.
703 542 768 597 ntro
778 541 871 600 ludaei
884 539 1019 596 meliores

164 653 194 694 se
209 632 440 705 essejactebaut,
457 631 527 703 quie
536 628 564 686 in
581 631 689 700 templo
700 630 838 687 adorabat
850 631 950 685 Deum.
961 629 1020 686 Nou

165 734 243 792 euim
256 734 407 788 coutuntur
419 729 508 786 Judaei
522 729 725 786 samaritanis:
741 728 810 800 quie
820 727 956 783 dicebant
966 725 1018 793 eis,

166 822 319 893 Quomodo
330 837 379 879 vos
386 820 519 892 jactatis,
531 822 559 873 et
572 819 636 873 ideo
647 835 698 874 vos
710 817 846 874 meliores
860 824 944 873 nobis
955 832 1017 872 esse

50 976 59 989 ,
167 912 337 987 perhibetis,
350 913 417 982 quia
428 909 568 982 templum
581 908 695 964 hebetis
707 914 782 978 qood
795 925 846 965 uos
860 925 917 963 non
929 906 1018 963 hebe-

164 1002 255 1060 mus?
268 1000 417 1074 Numquid
432 1003 528 1071 patres
543 998 633 1054 nostri
648 999 698 1068 qui
716 1000 773 1055 Deo
795 999 965 1071 plicuerunt
989 998 1019 1055 io

165 1092 216 1149 illo
232 1090 340 1164 templo
354 1087 576 1147 odoraverunt?
593 1103 689 1144 noune
703 1087 733 1142 iu
750 1092 848 1145 monte
869 1088 926 1145 isto
951 1089 1019 1145 ado·

167 1185 314 1248 raserunt,
327 1179 377 1235 ubi
388 1194 441 1235 nos
452 1176 579 1235 suinus‘l
596 1177 779 1251 Meliusergo
790 1195 853 1246 nos,
869 1179 1019 1249 inquiunt,

166 1270 196 1328 in
211 1271 265 1328 hoc
281 1269 481 1327 mouteDeum
493 1282 642 1341 rogemus,
659 1269 708 1327 ubi
720 1273 815 1342 potres
827 1269 919 1326 nostri
934 1284 1019 1341 rogo·

163 1366 275 1420 verunt.
292 1359 515 1418 Contendebent
525 1358 640 1430 utrique
649 1359 756 1431 ignari,
771 1360 841 1431 quic
852 1358 944 1415 virum
961 1376 1018 1416 uon

162 1452 322 1511 hebentes:
338 1450 381 1507 illi
396 1466 447 1524 pro
463 1448 580 1521 templo,
596 1448 639 1505 illi
652 1467 703 1524 pro
720 1457 818 1508 monte
839 1450 1019 1510 tollebantur

164 1543 305 1601 adversus
319 1538 456 1597 invicem.

200 1633 247 1689 ut.
263 1630 518 1688 Dominustemen
544 1629 631 1686 modo
655 1631 724 1702 quid
749 1631 830 1687 docet
854 1630 1018 1701 mulierem,

163 1721 395 1795 touquumeujus
411 1718 582 1791 viromperit
592 1734 720 1791 praeseus
735 1720 823 1777 essel
839 1722 909 1778 llicit
919 1725 944 1778 ei
958 1738 1020 1779 mu-

163 1819 218 1877 lier
231 1837 241 1877 :
256 1818 382 1889 Domine,
397 1816 473 1875 uideo
488 1818 553 1890 quio
565 1817 697 1889 propbeta
711 1833 739 1874 es
760 1823 803 1875 tu.
819 1820 909 1876 Patres
933 1820 1021 1878 nostri

164 1908 291 1965 tumente
302 1905 553 1972 toradoraveruai,
565 1910 591 1961 et
602 1921 647 1963 uos
656 1905 747 1963 dicitis
761 1908 828 1979 quia
839 1910 1019 1983 ierosolymis

1852 328 1932 391 {520

1073 449 1932 536 aliquemlooumsanctum,intusexlribetetemplum,l)eo

1074 541 1230 614 Templum
1241 545 1320 601 onim
1330 546 1381 602 Dei
1395 552 1530 605 sanctum
1540 552 1594 619 eet,
1611 551 1688 623 quod
1695 550 1768 609 estis
1781 554 1862 625 vostl
1869 553 1932 613 Cor.

1072 644 1117 698 ιιι,
1134 632 1188 703 17).
1202 635 1232 689 ln
1248 635 1357 708 templo
1372 637 1416 694 vis
1432 637 1532 695 orere?
1543 638 1571 694 in
1586 645 1613 695 te
1628 656 1688 698 ors.
1705 641 1760 699 ited
1776 645 1856 714 prius
1871 651 1933 703 esto

1074 722 1215 793 templum
1227 723 1287 794 Dei,
1299 725 1368 798 quio
1378 726 1462 783 illeln
1473 729 1929 801 templosuoexuudietomntem.

1109 813 1154 867 26.
1175 813 1249 870 Venit
1264 832 1326 887 erpo
1341 816 1421 887 bora,
1436 822 1461 874 et
1472 835 1546 874 narse
1556 828 1604 887 est,
1619 821 1730 892 quaudo
1750 826 1810 881 ueri
1830 827 1931 884 orioro·

1075 910 1145 958 tores
1159 903 1313 961 adorabant
1327 907 1435 964 Patrem
1452 909 1481 963 iu
1491 908 1592 980 spiritu
1608 920 1633 966 et
1647 914 1771 969 veritate.
1785 914 1838 971 llos
1859 918 1930 973 otto·

1074 1010 1168 1049 ramus
1183 995 1252 1064 quod
1262 997 1373 1064 seimus,
1391 1014 1434 1054 uos
1449 999 1654 1071 odoratisquod
1664 1004 1791 1068 trecenis,-
1802 1008 1933 1077 quonium

1074 1085 1149 1139 satus
1163 1100 1197 1140 er
1211 1086 1319 1142 Judmis
1334 1092 1384 1143 est.
1408 1087 1530 1144 Multum
1548 1090 1628 1145 dedit
1642 1092 1769 1151 iudeis:
1793 1097 1844 1151 sed
1868 1098 1929 1154 uoli

1074 1175 1147 1231 istos
1162 1183 1300 1248 reprobos
1314 1180 1455 1251 occipere.
1481 1179 1621 1238 Periclem
1647 1181 1733 1241 illum
1758 1189 1856 1261 accipe
1880 1189 1928 1246 oui

1075 1264 1231 1335 adjunctos
1247 1272 1290 1323 est
1300 1267 1376 1323 alius
1392 1270 1502 1340 peccati
1524 1270 1552 1326 iu
1576 1270 1673 1344 lepide
1689 1274 1831 1348 angulari,
1849 1281 1929 1352 quod

1075 1357 1272 1426 estchristus,
1289 1359 1472 1432 copulentur.
1484 1361 1647 1420 Unuseuim
1662 1367 1786 1436 pariere
1806 1371 1928 1443 iudaeis,

1075 1462 1180 1504 unuse
1195 1447 1336 1505 Gentibus
1352 1466 1358 1504 :
1375 1449 1460 1522 longe
1471 1468 1487 1507 a
1498 1468 1529 1508 se
1544 1451 1592 1508 isti
1605 1454 1740 1528 parietes,
1761 1459 1811 1514 sed
1837 1460 1929 1519 doneo

1074 1537 1105 1594 in
1117 1537 1462 1612 ouguloconjungentur.
1479 1542 1653 1615 Alienigena
1678 1551 1778 1604 eutem
1800 1548 1930 1624 hospites

1074 1632 1167 1697 erunt,
1197 1633 1225 1685 et
1251 1630 1396 1702 peregrini
1425 1648 1441 1687 ιι
1469 1634 1651 1692 testamentis
1676 1636 1725 1693 Dei
1757 1639 1868 1713 (aptes.
1896 1658 1930 1712 tt,

1075 1719 1182 1792 12-22).
1198 1720 1365 1777 Secundum
1380 1721 1434 1778 hoc
1456 1739 1525 1796 ergo
1550 1724 1661 1782 dictum
1681 1732 1736 1797 est,
1760 1729 1813 1786 lios
1832 1730 1932 1789 adoru-

1074 1828 1135 1867 mus
1161 1813 1231 1885 quod
1257 1813 1368 1869 scimus.
1399 1814 1439 1869 llx
1467 1829 1591 1886 persons
1620 1818 1736 1890 quidem
1759 1820 1930 1882 iudeorum

1075 1900 1187 1958 dictum
1204 1905 1258 1970 est,
1274 1901 1325 1958 sed
1340 1918 1398 1959 non
1414 1903 1546 1961 omnium
1561 1905 1741 1974 lodaeornm,
1759 1927 1816 1967 noo
1833 1928 1930 1985 repro-

80 1992 83 1997 ’
163 2006 204 2055 est
214 1997 288 2055 loeus
303 1996 344 2053 ibi
358 1995 367 2031 ¹
383 1995 500 2052 adorare
523 1999 636 2067 oportet.
659 1996 728 2053 Dicit
747 1998 887 2054 silurus:
911 1998 1018 2065 diutior,
1073 1991 1176 2048 borum
1192 1991 1207 2048 J
1213 1992 1360 2048 udaeorum
1375 2009 1382 2048 :
1396 1994 1445 2049 sed
1461 1994 1497 2050 de
1511 1994 1648 2067 qualibus
1660 1997 1774 2056 luerunt
1784 2002 1925 2073 Apostoli,

163 2086 244 2146 crede
258 2087 340 2145 miti.
355 2085 549 2144 Venietenim
565 2085 701 2155 Ecclesia,
714 2087 909 2145 sicutdictum
933 2095 977 2146 est
989 2089 1018 2145 in
1073 2082 1174 2153 (tuales
1191 2082 1308 2138 fuerunt
1323 2083 1483 2156 Ρΐῦβῧθῒῠ),
1501 2083 1603 2155 titillet
1624 2085 1741 2145 luerunt
1764 2089 1807 2146 illi
1824 2107 1927 2149 omues

164 2177 294 2236 conticis
309 2178 801 2249 cantieorum,orubietpertrcusiet
818 2178 940 2235 utiuitio
955 2179 1021 2250 fidei
1074 2172 1177 2241 suncti,
1195 2173 1244 2246 qui
1261 2174 1360 2229 omniu
1371 2191 1422 2230 sua
1438 2175 1644 2247 vendiderunt,
1667 2184 1696 2234 et
1710 2178 1801 2250 pretia
1826 2197 1929 2239 rerum

165 2268 257 2341 (Cant.
272 2283 311 2339 ιν,
325 2266 354 2334 8,
369 2281 422 2321 teo.
441 2264 530 2336 LXX).
546 2263 650 2321 Veniet
666 2270 697 2321 ul
711 2271 900 2338 pertranseat,
916 2274 942 2324 et
953 2284 1020 2337 per·
1074 2277 1190 2317 suarum
1223 2263 1258 2317 ad
1280 2262 1367 2333 pedes
1390 2264 1593 2335 Apostolorum
1619 2272 1775 2338 posuerunt
1788 2270 1860 2340 (Act.
1886 2287 1930 2339 tv,

167 2356 294 2415 transire
310 2372 368 2413 uon
383 2359 475 2426 potest
499 2354 557 2411 uisi
574 2354 609 2411 ub
633 2356 716 2413 initio
738 2357 814 2431 pidet.
840 2358 942 2414 ltlerito
958 2361 1020 2431 jem
1074 2351 1119 2418 3⁴·
1138 2352 1194 2426 35)·
1211 2352 1272 2409 Non
1285 2354 1361 2409 essim
1377 2353 1485 2426 repulit
1497 2354 1575 2411 Deus
1590 2354 1703 2428 plebem
1727 2372 1809 2415 suam
1835 2377 1926 2433 quem

172 2450 316 2521 presente
326 2447 387 2504 viro
397 2444 491 2516 audit,
501 2444 613 2516 tutior,
626 2447 799 2507 credemilti.
811 2448 964 2507 tamenim
976 2459 1021 2510 est
1074 2442 1216 2512 l)raesoilit
1229 2440 1316 2513 (ΗΜ
1333 2459 1372 2511 1¹·
1387 2444 1426 2515 2).

168 2539 198 2597 lo
214 2542 243 2596 te
258 2537 308 2610 qui
330 2537 439 2604 credat,
464 2535 534 2608 quie
550 2544 733 2611 presenseet
745 2540 789 2596 vir
803 2543 883 2598 tuus.
900 2543 1020 2616 Coeptstt
1109 2532 1155 2587 27.
1171 2532 1288 2587 Audiuit
1302 2532 1356 2588 hoc
1368 2533 1472 2590 mulier
1486 2534 1551 2604 iste,
1563 2539 1592 2592 et
1615 2536 1738 2593 addidit.
1754 2539 1931 2596 iamdudum

166 2627 271 2686 edesse
291 2624 452 2695 intellectu,
467 2624 584 2698 quondo
601 2641 647 2681 me
661 2627 831 2699 prophetam
856 2632 1019 2703 appellasti.
1075 2624 1246 2695 willihelm
1259 2624 1370 2681 dimili
1383 2644 1390 2693 3
1403 2625 1474 2681 vidit
1489 2626 1557 2683 ltllfl
1572 2628 1670 2684 diotre
1689 2645 1756 2685 eum
1780 2646 1848 2687 uum
1871 2647 1930 2704 quo

167 2718 275 2783 llulier,
286 2716 458 2774 credemibi:
469 2716 539 2787 quia
549 2715 605 2769 nisi
626 2717 818 2789 credideritis,
841 2737 898 2776 non
913 2721 1020 2778 intelli·
1074 2713 1258 2784 l⁰li⁰0b³lub
1275 2730 1338 2785 (1⁰³³
1350 2715 1413 2785 J'flffl
1425 2714 1488 2786 Plus
1499 2723 1599 2774 essent
1612 2718 1649 2774 nd
1672 2718 1843 2792 prophetam
1856 2723 1865 2758 ¹
1878 2741 1886 2790 ;
1904 2727 1933 2779 et

167 2807 242 2881 getis
256 2805 334 2879 (lsai.
350 2821 400 2872 vn,
414 2803 443 2870 9,
458 2819 511 2860 sec.
529 2804 625 2877 txxt.
637 2805 724 2878 Ergo,
734 2806 842 2878 lluiier,
852 2809 931 2865 crede
940 2812 1020 2880 mibi,

168 2897 235 2972 quio
249 2895 338 2952 veniet
350 2893 427 2963 lituo,
443 2892 551 2965 quondo
568 2910 654 2965 aeque
670 2897 698 2951 iu
713 2903 805 2953 monte
815 2897 873 2964 boc,
889 2915 977 2972 neque
991 2901 1022 2956 iu

167 2985 346 3059 ierosolymis
360 2981 513 3040 adorabitis
533 2985 655 3042 Putrem.
679 2986 725 3043 Vos
743 2986 865 3045 odoratis
882 2994 950 3063 qaod
973 3006 1020 3047 ar·

168 3080 256 3147 autb,
267 3092 315 3135 nos
325 3076 478 3132 adoramus
492 3075 562 3147 quod
570 3077 689 3141 scirtius,⁸
703 3078 849 3149 quiosalus
867 3097 902 3137 ex
914 3082 1022 3138 ludaris

167 3175 219 3226 ast.
234 3164 284 3224 Sed
296 3165 387 3222 ueniet
400 3164 477 3219 toro.
493 3164 613 3231 Quando
627 3163 641 3220 l
655 3167 688 3221 Et
702 3182 776 3223 nuuc
791 3172 840 3224 est.
865 3170 932 3236 Quo
954 3186 1022 3242 ergo

168 3256 269 3316 borel
285 3254 397 3326 Quaado
411 3255 471 3310 ueri
496 3253 655 3311 adoratores
677 3254 842 3315 adorabunt.
865 3263 977 3316 Putrem
992 3261 1023 3316 iu

176 3347 284 3421 spiritu
295 3354 321 3402 et
335 3348 466 3407 teitau,-
483 3359 541 3401 uou
556 3344 584 3399 iu
596 3351 695 3401 monte
706 3345 772 3413 isto,
787 3362 844 3403 non
856 3347 887 3403 in
902 3349 1022 3420 templo,

174 3436 226 3495 sed
241 3436 271 3493 in
287 3435 395 3508 spiritu
410 3437 439 3491 et
452 3433 583 3492 veritate.
599 3433 669 3490 Num
682 3438 707 3490 et
723 3440 806 3492 Pater
825 3437 893 3493 tales
911 3441 1023 3509 quarte,

171 3528 221 3601 qui
230 3525 344 3584 adereat
358 3540 431 3583 eum.
446 3526 539 3581 Ausre
549 3526 635 3580 Pater
646 3523 719 3580 tales
730 3526 834 3597 querit
845 3527 893 3597 qui
903 3527 1025 3584 ederent

1076 2802 1145 2874 quid
1173 2803 1332 2875 respondit,
1350 2803 1466 2861 videte:
1490 2805 1562 2862 uicit
1591 2809 1620 2863 ei
1638 2809 1752 2877 mulier,
1781 2809 1843 2867 Scia
1866 2814 1933 2884 quia

1077 2893 1304 2957 Aestimemus,
1318 2895 1367 2966 qui
1382 2894 1486 2950 dicitur
1501 2895 1646 2953 Cirr-istas:
1664 2913 1726 2953 cum
1741 2914 1807 2972 erpo
1823 2901 1932 2959 uenerit

1076 2980 1136 3049 ute,
1147 2983 1240 3037 omnio
1255 2981 1332 3038 uotis
1346 2982 1553 3040 demonstrabit.
1566 2985 1639 3053 Quid
1665 2991 1709 3043 est
1728 2985 1812 3045 boot
1835 2988 1931 3059 liudo,

1076 3069 1183 3142 inquit,
1200 3072 1236 3127 de
1250 3072 1549 3144 templocontendunt
1562 3073 1818 3144 tractaremus
1830 3083 1930 3136 moute

1077 3160 1305 3218 contendimus:
1322 3178 1385 3217 cum
1403 3163 1452 3218 ilie
1467 3165 1587 3234 venerit,
1603 3170 1632 3220 et
1651 3175 1779 3222 montem
1803 3172 1930 3239 spernet,

1078 3254 1107 3305 et
1122 3249 1263 3322 templum
1275 3258 1397 3320 evertet;
1412 3253 1528 3309 docebit
1539 3269 1591 3310 uos
1608 3254 1660 3310 iste
1671 3257 1781 3323 omnis,
1794 3266 1824 3313 ut
1836 3256 1932 3330 inspi-

1078 3340 1136 3395 ritu
1152 3345 1181 3395 et
1196 3339 1317 3396 veritato
1328 3340 1495 3397 noverimus
1505 3343 1637 3401 adorare.
1658 3344 1775 3401 Sciebat
1789 3346 1932 3418 quiscum

1079 3436 1177 3502 posset
1188 3430 1300 3499 docere,
1312 3434 1362 3488 sed
1370 3433 1590 3503 jamdecentem
1601 3436 1732 3492 noudum
1744 3436 1932 3509 agnoscebat.

1077 3520 1141 3578 lem
1150 3524 1432 3596 ergodigueerutcui
1445 3524 1691 3581 manifestaretur.
1704 3525 1933 3583 Messiusuotem

170 3635 250 3687 eum,
266 3632 327 3675 uon
341 3616 371 3674 iu
388 3621 496 3681 moute,
513 3628 570 3670 non
586 3612 615 3670 in
631 3614 750 3684 templo,
766 3615 862 3671 sedin
879 3616 986 3688 spiritu
997 3621 1025 3674 et
1080 3616 1238 3669 unctusest
1254 3617 1379 3681 ;unctus
1390 3614 1627 3686 graeceChristus
1638 3619 1682 3671 est
1693 3640 1701 3684 ;
1712 3615 1846 3672 belrreiue
1863 3618 1935 3674 lies·

168 3712 290 3771 veritate
304 3711 318 3768 i
332 3711 454 3783 Spiritus
467 3708 590 3765 arbeae
602 3704 632 3764 Si
643 3721 748 3779 corpus
757 3712 834 3765 esset
843 3708 931 3778 Deus,
942 3726 1024 3783 opor·
1080 3700 1139 3758 sias
1150 3708 1210 3759 est:
1229 3703 1304 3759 uude
1315 3709 1343 3759 et
1354 3704 1468 3776 punice,
1480 3705 1573 3763 Messe
1582 3705 1688 3762 dieitur
1700 3722 1785 3780 unge.
1798 3707 1934 3782 Cognata

171 3797 326 3855 tobateum
337 3792 450 3850 odorari
465 3792 495 3850 in
505 3799 613 3863 monte,
624 3795 861 3869 quiscorporeus
871 3802 1023 3871 estmous3
1080 3793 1188 3866 quippe
1199 3798 1269 3850 suot
1283 3793 1386 3866 lingue
1401 3794 1458 3850 iste
1473 3799 1501 3851 et
1517 3795 1629 3865 vicino,
1645 3795 1793 3866 hebraice,
1815 3798 1935 3871 punice,

168 3884 321 3958 oportebat
335 3879 528 3940 eumadorsri
543 3883 573 3939 ic
588 3884 708 3956 templo,
722 3888 1027 3961 quiecorporeumest
1079 3893 1107 3942 et
1121 3901 1197 3958 syro.

167 3972 323 4047 templum.
338 3972 508 4043 Spiritusest
522 3973 608 4036 Deua·
620 3980 647 4029 et
657 3991 703 4031 eor
717 3976 978 4048 quietistarum,
995 3981 1025 4035 iu
1113 3974 1158 4030 28·
1176 3973 1261 4041 3¹2⁰,
1277 3972 1341 4029 didi
1355 3974 1383 4029 δί
1396 3973 1506 4041 mullet,
1528 3975 1591 4031 ⁸050
1618 3976 1686 4048 uitia
1700 3975 1810 4031 limi&
1832 3976 1934 4047 omisi,

171 4062 305 4138 spirituet
318 4059 434 4119 veritate
449 4065 552 4133 oportet
567 4063 701 4121 adorare.
1078 4067 1126 4137 qui
1140 4063 1244 4119 dicitur
1258 4062 1402 4118 Christus:
1418 4079 1479 4119 rum
1488 4079 1552 4134 erpo
1563 4062 1730 4131 uenerititlc,
1740 4061 1937 4120 cobisunuuu·

205 4154 252 4210 25.
269 4149 451 4219 Audivimus,
467 4155 496 4206 et
511 4152 699 4209 menifestum
715 4157 777 4222 est;
795 4155 872 4216 loros
887 4157 1023 4230 ieramus,
1078 4152 1164 4209 tiabit
1179 4153 1271 4209 omnio
1288 4152 1359 4207 llicit
1374 4151 1401 4208 ri
1413 4153 1506 4210 lesus:
1520 4156 1646 4224 Eposunr
1662 4156 1709 4225 qui
1722 4153 1819 4226 loquor
1832 4155 1933 4210 tuum.

169 4249 247 4307 intro
262 4242 346 4303 missi
361 4244 506 4300 rumoso
521 4243 544 4299 si
555 4242 725 4313 invenirem,
751 4245 878 4314 dicebas,
895 4253 1025 4308 montem
1079 4241 1198 4299 Vooevit
1208 4242 1301 4297 virum
1313 4257 1412 4308 suum,
1428 4243 1521 4298 iactus
1533 4246 1577 4298 est
1591 4243 1633 4299 vir
1646 4244 1712 4314 ejus
1723 4246 1811 4315 ceput
1826 4242 1936 4299 mulio·

169 4335 298 4410 aliquem
307 4334 434 4392 attornet
450 4330 630 4388 solitarium!
649 4333 734 4388 oredo
750 4332 826 4390 enim
843 4338 912 4408 quta
927 4338 955 4393 in
966 4337 1025 4396 alto
1080 4333 1131 4401 ris,
1149 4332 1241 4389 iaetus
1260 4336 1304 4388 est
1318 4331 1451 4388 Christus
1466 4336 1555 4403 caput
1567 4332 1619 4387 viri
1634 4332 1659 4404 (l
1673 4331 1735 4388 Cor.
1751 4347 1791 4399 ιι,
1807 4330 1848 4403 3).
1868 4330 1936 4389 Jaso

170 4428 313 4495 estDeus,
326 4424 418 4499 magis
430 4438 474 4479 me
484 4422 604 4479 exaudit
615 4438 649 4479 ex
659 4421 804 4489 ulto.Quie
816 4425 844 4482 iu
865 4435 963 4485 monte
982 4444 1024 4498 es,
1080 4423 1185 4481 mulier
1195 4423 1349 4479 ordinatur
1358 4422 1387 4478 lu
1400 4423 1466 4488 fide,
1479 4426 1508 4479 et
1519 4421 1626 4494 regitur
1637 4421 1710 4478 bene
1720 4420 1844 4477 victura.
1855 4421 1939 4479 Post·

169 4519 366 4594 propinquum
382 4519 409 4571 te
424 4514 482 4570 Deo
498 4517 594 4585 putes,
609 4517 637 4570 et
651 4514 709 4571 cito
725 4518 753 4572 te
777 4516 918 4584 exaudiri,
944 4519 1025 4589 quasi
1080 4529 1204 4584 ecquam
1220 4510 1330 4566 audivit
1346 4512 1411 4579 hoc,
1427 4513 1480 4583 Epo
1493 4527 1553 4568 sum
1567 4512 1616 4582 qui
1634 4510 1728 4582 loquor
1751 4516 1852 4580 tecum,
1872 4510 1937 4582 lom

169 4611 206 4666 de
221 4608 350 4679 proximo
365 4604 538 4661 clementem
556 4604 570 4659 ‘l
587 4604 618 4661 lu
633 4602 753 4662 excelsis
770 4605 891 4677 habitat,
906 4609 956 4664 sed
972 4609 1024 4665 ltu·
1081 4606 1158 4663 ultre
1173 4605 1243 4676 quid
1255 4602 1385 4673 diceret;
1402 4603 1518 4675 quando
1534 4601 1665 4659 Christus
1677 4599 1820 4658 Dominus
1841 4600 1938 4659 mani·

169 4698 250 4754 ervilia
265 4698 388 4767 respicit.
404 4697 492 4767 Prope
506 4696 694 4752 estilominus.
707 4696 842 4763 Quibus?
853 4699 1026 4757 lortoaltis‘l
1082 4695 1187 4752 foetore
1202 4711 1233 4751 ΒΘ
1248 4693 1337 4750 voluit
1353 4692 1479 4759 mulleri.
1499 4693 1546 4747 ⁰⁰1
1562 4692 1681 4758 dimili
1703 4690 1788 4747 Crede
1803 4690 1903 4746 mitit

170 4788 217 4845 ilis
226 4785 276 4859 qui
289 4785 463 4842 obtriverunt
475 4801 523 4843 cor
533 4787 622 4856 (Psoi.
639 4803 739 4856 xxxin,
754 4789 807 4857 ist.
820 4788 893 4846 Mire
907 4806 953 4846 res
963 4795 1024 4847 est:
1117 4785 1160 4840 29·
1170 4786 1204 4840 Et
1218 4783 1348 4839 cottistis
1359 4779 1705 4853 uenerualdiscipuliejus,
1714 4780 1745 4851 [et
1760 4779 1939 4837 mirabuntur

170 4880 200 4934 et
215 4873 246 4931 io
260 4871 330 4932 ollis
340 4872 465 4942 habitet,
481 4879 508 4928 et
522 4872 685 4931 humilibus
696 4875 873 4947 propinquat
885 4895 891 4934 :
904 4879 1026 4936 Aumitia
1080 4877 1145 4949 quia
1159 4889 1221 4929 cunr
1237 4873 1351 4928 utuliere
1362 4871 1530 4944 loquebatur·
1542 4871 1615 4935 Quis
1626 4869 1772 4942 quaewbtt
1783 4870 1936 4942 perillum,

168 4963 294 5034 respicit,
309 4962 419 5019 excelso
433 4969 526 5018 autem
541 4978 558 5018 o
575 4960 656 5034 torpe
667 4964 888 5038 eopaooittl’sot.
900 4985 1023 5037 cxxxvii,
1081 4965 1132 5037 qui
1147 4968 1265 5019 uouerat
1276 4976 1404 5033 quarere
1415 4960 1490 5032 quod
1502 4960 1637 5031 perierat,
1653 4958 1709 5015 hoc
1732 4957 1775 5013 illi
1791 4956 1939 5015 mirabun-

169 5058 215 5131 6);
231 5053 374 5128 superbos
388 5051 473 5122 longe
487 5051 576 5117 videt,
594 5068 627 5109 eo
644 5052 701 5110 illis
723 5056 821 5113 miuus
841 5060 1025 5131 propinquet,
1082 5062 1137 5110 tur.
1150 5050 1345 5109 Boourueuim
1357 5047 1939 5146 mirabantur,uonmalumsuspieubsu·

169 5163 226 5220 quo
242 5144 300 5204 sibi
315 5143 449 5201 videntur
463 5142 591 5201 altiores.
609 5145 763 5211 Ouaerebos
783 5163 850 5218 ergo
875 5149 1026 5206 monteml
1082 5148 1139 5199 tur.
1155 5143 1238 5198 Neruo
1252 5146 1345 5197 torrseu
1360 5139 1459 5196 dicit:
1476 5139 1546 5207 Quid
1561 5137 1665 5210 qua‘ris
1679 5136 1803 5209 autquui
1813 5137 1940 5210 loqueris

171 5233 315 5293 descende
330 5234 363 5288 ot
384 5230 520 5302 attinges.
536 5231 592 5288 Sed
617 5233 774 5290 ascendere
799 5234 840 5291 vis
854 5236 1002 5293 ‘tuscende
1018 5255 1025 5294 ι
1081 5249 1143 5289 oum
1155 5232 1214 5287 eu?

172 5322 233 5380 uoli
248 5327 529 5393 montemqnterere.
553 5320 740 5388 Asceusioues,
768 5325 872 5394 iuquit,
903 5328 933 5382 ia
948 5327 1028 5384 corde
1117 5325 1161 5381 30.
1175 5322 1296 5394 Reliquit
1309 5336 1372 5392 erpo
1387 5320 1517 5392 lipsii-iaus
1531 5334 1610 5374 suam
1626 5317 1736 5374 mulier.
1753 5317 1871 5382 Audito,
1885 5317 1942 5390 Epo

173 5412 232 5481 ejus
245 5410 313 5480 (boo
328 5411 461 5470 Psalmus
474 5411 555 5480 dicit,
572 5416 602 5470 iu
617 5415 740 5471 convalle
755 5417 918 5487 plorationis
938 5418 1027 5490 (Prot.
1080 5416 1199 5487 rumpat
1214 5414 1311 5484 loquor
1323 5415 1422 5479 urum,
1447 5414 1477 5465 et
1495 5413 1612 5481 recepto
1625 5408 1654 5464 iu
1679 5422 1729 5464 cor
1750 5405 1867 5463 Christo
1883 5406 1941 5464 llo·

176 5514 290 5563 mxlii,
305 5501 383 5571 iifl).
395 5502 541 5561 Convellis
552 5503 750 5564 bumilitatem
762 5506 936 5580 bebetllrgo
949 5509 1028 5565 intus
1083 5507 1163 5561 mico
1178 5503 1249 5575 quid
1266 5502 1383 5568 laceret,
1407 5500 1464 5555 nisi
1480 5500 1543 5570 jam
1569 5497 1702 5570 hydriam
1725 5495 1896 5563 dimitteret,
1912 5499 1946 5553 et

175 5601 229 5660 spe
242 5587 349 5644 totum.
365 5587 400 5642 litt
414 5589 439 5644 si
455 5592 527 5649 torte
541 5595 646 5665 queris
661 5595 790 5667 aliquem
814 5597 909 5654 locum
922 5596 1027 5668 elium,
1099 5593 1280 5664 vangelizore
1294 5594 1423 5648 curreret
1437 5590 1451 5646 t
1464 5586 1586 5659 Proiecit
1599 5586 1804 5660 cupiditatem,
1819 5589 1850 5642 et
1871 5600 1946 5657 pro·

209 5688 218 5724 ¹
230 5684 261 5738 lu
275 5683 338 5736 Ιιι.
357 5684 545 5750 ambitionem
559 5690 629 5742 loeus
643 5691 698 5745 ubi.
1116 5694 1123 5728 ¹
1137 5690 1168 5743 lc
1182 5705 1229 5742 sex
1246 5694 1320 5752 lisa,
1333 5688 1393 5754 plus
1407 5691 1470 5741 east
1484 5702 1501 5739 a
1513 5684 1649 5753 proptera.
