<?xml version="1.0" encoding="UTF-8"?>
<!DOCTYPE html PUBLIC "-//W3C//DTD XHTML 1.0 Transitional//EN"
    "http://www.w3.org/TR/xhtml1/DTD/xhtml1-transitional.dtd">
<html xmlns="http://www.w3.org/1999/xhtml" xml:lang="en" lang="en">
 <head>
  <title>
</title>
<meta http-equiv="Content-Type" content="text/html;charset=utf-8" />
  <meta name='ocr-system' content='tesseract 3.04.00' />
  <meta name='ocr-capabilities' content='ocr_page ocr_carea ocr_par ocr_line ocrx_word'/>
</head>
<body>
  <div class='ocr_page' id='page_1' title='image "./patrologiaecurs07saingoog/patrologiaecurs07saingoog_0052.png"; bbox 0 0 3952 6150; ppageno 0'>
   <div class='ocr_carea' id='block_1_1' title="bbox 145 196 230 262">
    <p class='ocr_par' dir='ltr' id='par_1_1' title="bbox 145 196 230 262">
     <span class='ocr_line' id='line_1_1' title="bbox 145 196 230 262; baseline 0.059 -4"><span class='ocrx_word' id='word_1_1' title='bbox 145 196 230 262; x_wconf 70' lang='lat' dir='ltr'><strong>{illd</strong></span> 
     </span>
    </p>
   </div>
   <div class='ocr_carea' id='block_1_2' title="bbox 120 340 1001 5193">
    <p class='ocr_par' dir='ltr' id='par_1_2' title="bbox 133 340 1001 1394">
     <span class='ocr_line' id='line_1_2' title="bbox 141 340 1001 434; baseline 0.036 -40"><span class='ocrx_word' id='word_1_2' title='bbox 141 340 376 415; x_wconf 78' lang='lat' dir='ltr'><strong>mqoemqatd</strong></span> <span class='ocrx_word' id='word_1_3' title='bbox 389 348 488 416; x_wconf 78' lang='lat' dir='ltr'><strong>potata</strong></span> <span class='ocrx_word' id='word_1_4' title='bbox 499 349 672 410; x_wconf 81' lang='lat' dir='ltr'><strong>Forteenim</strong></span> <span class='ocrx_word' id='word_1_5' title='bbox 689 360 796 416; x_wconf 82' lang='lat' dir='ltr'><strong>terram</strong></span> <span class='ocrx_word' id='word_1_6' title='bbox 817 365 888 434; x_wconf 90' lang='lat' dir='ltr'><strong>petit</strong></span> <span class='ocrx_word' id='word_1_7' title='bbox 907 366 1001 424; x_wconf 88' lang='lat' dir='ltr'><strong>ituen-</strong></span> 
     </span>
     <span class='ocr_line' id='line_1_3' title="bbox 141 429 1001 523; baseline 0.034 -41"><span class='ocrx_word' id='word_1_8' title='bbox 141 436 201 485; x_wconf 92' lang='lat' dir='ltr'><strong>tem</strong></span> <span class='ocrx_word' id='word_1_9' title='bbox 218 429 294 486; x_wconf 86' lang='lat' dir='ltr'><strong>lacte</strong></span> <span class='ocrx_word' id='word_1_10' title='bbox 309 435 339 487; x_wconf 88' lang='lat' dir='ltr'><strong>ct</strong></span> <span class='ocrx_word' id='word_1_11' title='bbox 360 434 447 492; x_wconf 86' lang='lat' dir='ltr'><strong>melle</strong></span> <span class='ocrx_word' id='word_1_12' title='bbox 466 439 633 511; x_wconf 74' lang='lat' dir='ltr'>carnaliter,</span> <span class='ocrx_word' id='word_1_13' title='bbox 653 448 787 516; x_wconf 85' lang='lat' dir='ltr'><strong>quemvis</strong></span> <span class='ocrx_word' id='word_1_14' title='bbox 810 452 1001 523; x_wconf 67' lang='lat' dir='ltr'><strong>spiritualiter</strong></span> 
     </span>
     <span class='ocr_line' id='line_1_4' title="bbox 141 519 999 614; baseline 0.034 -40"><span class='ocrx_word' id='word_1_15' title='bbox 141 519 669 601; x_wconf 81' lang='lat' dir='ltr'><strong>istequaerendaeitetpetenda:aut</strong></span> <span class='ocrx_word' id='word_1_16' title='bbox 690 537 762 595; x_wconf 82' lang='lat' dir='ltr'><strong>sorte</strong></span> <span class='ocrx_word' id='word_1_17' title='bbox 786 541 999 614; x_wconf 79' lang='lat' dir='ltr'><strong>subjectionem</strong></span> 
     </span>
     <span class='ocr_line' id='line_1_5' title="bbox 139 608 1000 709; baseline 0.034 -44"><span class='ocrx_word' id='word_1_18' title='bbox 139 608 480 683; x_wconf 87' lang='lat' dir='ltr'><strong>hostiumeuorum,eut</strong></span> <span class='ocrx_word' id='word_1_19' title='bbox 497 624 621 679; x_wconf 89' lang='lat' dir='ltr'><strong>mortem</strong></span> <span class='ocrx_word' id='word_1_20' title='bbox 640 623 1000 709; x_wconf 72' lang='lat' dir='ltr'><strong>inimieorumautimpc·</strong></span> 
     </span>
     <span class='ocr_line' id='line_1_6' title="bbox 139 699 1000 793; baseline 0.033 -38"><span class='ocrx_word' id='word_1_21' title='bbox 139 699 184 755; x_wconf 86' lang='lat' dir='ltr'><strong>ria</strong></span> <span class='ocrx_word' id='word_1_22' title='bbox 200 703 230 755; x_wconf 88' lang='lat' dir='ltr'><strong>et</strong></span> <span class='ocrx_word' id='word_1_23' title='bbox 245 699 397 761; x_wconf 81' lang='lat' dir='ltr'><strong>inanitates</strong></span> <span class='ocrx_word' id='word_1_24' title='bbox 412 705 502 780; x_wconf 85' lang='lat' dir='ltr'><strong>hujus</strong></span> <span class='ocrx_word' id='word_1_25' title='bbox 516 711 625 769; x_wconf 78' lang='lat' dir='ltr'><strong>seculi.</strong></span> <span class='ocrx_word' id='word_1_26' title='bbox 641 716 732 774; x_wconf 80' lang='lat' dir='ltr'><strong>eruet</strong></span> <span class='ocrx_word' id='word_1_27' title='bbox 753 721 831 778; x_wconf 88' lang='lat' dir='ltr'><strong>enim</strong></span> <span class='ocrx_word' id='word_1_28' title='bbox 844 740 954 793; x_wconf 86' lang='lat' dir='ltr'><strong>umore,</strong></span> <span class='ocrx_word' id='word_1_29' title='bbox 970 731 1000 783; x_wconf 89' lang='lat' dir='ltr'><strong>et</strong></span> 
     </span>
     <span class='ocr_line' id='line_1_7' title="bbox 139 789 999 875; baseline 0.037 -32"><span class='ocrx_word' id='word_1_30' title='bbox 139 789 271 851; x_wconf 90' lang='lat' dir='ltr'><strong>muitum</strong></span> <span class='ocrx_word' id='word_1_31' title='bbox 292 795 432 868; x_wconf 87' lang='lat' dir='ltr'><strong>suspiret,</strong></span> <span class='ocrx_word' id='word_1_32' title='bbox 457 804 487 855; x_wconf 90' lang='lat' dir='ltr'><strong>et</strong></span> <span class='ocrx_word' id='word_1_33' title='bbox 509 806 623 874; x_wconf 85' lang='lat' dir='ltr'><strong>estuat,</strong></span> <span class='ocrx_word' id='word_1_34' title='bbox 645 813 673 863; x_wconf 91' lang='lat' dir='ltr'><strong>et</strong></span> <span class='ocrx_word' id='word_1_35' title='bbox 689 808 818 868; x_wconf 80' lang='lat' dir='ltr'><strong>anhelet.</strong></span> <span class='ocrx_word' id='word_1_36' title='bbox 845 815 999 875; x_wconf 82' lang='lat' dir='ltr'><strong>Videamus</strong></span> 
     </span>
     <span class='ocr_line' id='line_1_8' title="bbox 139 877 996 973; baseline 0.037 -43"><span class='ocrx_word' id='word_1_37' title='bbox 139 877 214 946; x_wconf 89' lang='lat' dir='ltr'><strong>quid</strong></span> <span class='ocrx_word' id='word_1_38' title='bbox 230 886 319 953; x_wconf 86' lang='lat' dir='ltr'><strong>petat,</strong></span> <span class='ocrx_word' id='word_1_39' title='bbox 333 884 420 942; x_wconf 81' lang='lat' dir='ltr'><strong>Unum</strong></span> <span class='ocrx_word' id='word_1_40' title='bbox 432 888 530 960; x_wconf 82' lang='lat' dir='ltr'><strong>petila</strong></span> <span class='ocrx_word' id='word_1_41' title='bbox 545 891 669 963; x_wconf 87' lang='lat' dir='ltr'><strong>Domino,</strong></span> <span class='ocrx_word' id='word_1_42' title='bbox 680 895 752 954; x_wconf 83' lang='lat' dir='ltr'><strong>hene</strong></span> <span class='ocrx_word' id='word_1_43' title='bbox 761 901 915 973; x_wconf 74' lang='lat' dir='ltr'><strong>requirens.</strong></span> <span class='ocrx_word' id='word_1_44' title='bbox 924 905 996 971; x_wconf 89' lang='lat' dir='ltr'><strong>Quid</strong></span> 
     </span>
     <span class='ocr_line' id='line_1_9' title="bbox 137 967 996 1062; baseline 0.04 -43"><span class='ocrx_word' id='word_1_45' title='bbox 137 970 185 1021; x_wconf 85' lang='lat' dir='ltr'><strong>est</strong></span> <span class='ocrx_word' id='word_1_46' title='bbox 195 967 253 1027; x_wconf 92' lang='lat' dir='ltr'><strong>hoc</strong></span> <span class='ocrx_word' id='word_1_47' title='bbox 263 971 342 1043; x_wconf 91' lang='lat' dir='ltr'><strong>qued</strong></span> <span class='ocrx_word' id='word_1_48' title='bbox 357 975 503 1048; x_wconf 77' lang='lat' dir='ltr'><strong>requirit?</strong></span> <span class='ocrx_word' id='word_1_49' title='bbox 522 980 553 1037; x_wconf 82' lang='lat' dir='ltr'><strong>tlt</strong></span> <span class='ocrx_word' id='word_1_50' title='bbox 573 980 737 1053; x_wconf 82' lang='lat' dir='ltr'><strong>inhabitem,</strong></span> <span class='ocrx_word' id='word_1_51' title='bbox 753 988 859 1062; x_wconf 88' lang='lat' dir='ltr'><strong>inquit,</strong></span> <span class='ocrx_word' id='word_1_52' title='bbox 872 995 901 1048; x_wconf 88' lang='lat' dir='ltr'><strong>in</strong></span> <span class='ocrx_word' id='word_1_53' title='bbox 915 993 996 1052; x_wconf 67' lang='lat' dir='ltr'><strong>dona</strong></span> 
     </span>
     <span class='ocr_line' id='line_1_10' title="bbox 138 1054 996 1150; baseline 0.037 -43"><span class='ocrx_word' id='word_1_54' title='bbox 138 1054 264 1127; x_wconf 88' lang='lat' dir='ltr'><strong>Domini,</strong></span> <span class='ocrx_word' id='word_1_55' title='bbox 274 1076 325 1131; x_wconf 84' lang='lat' dir='ltr'><strong>per</strong></span> <span class='ocrx_word' id='word_1_56' title='bbox 337 1078 429 1121; x_wconf 78' lang='lat' dir='ltr'><strong>omnes</strong></span> <span class='ocrx_word' id='word_1_57' title='bbox 443 1066 502 1124; x_wconf 81' lang='lat' dir='ltr'><strong>dies</strong></span> <span class='ocrx_word' id='word_1_58' title='bbox 515 1069 578 1126; x_wconf 80' lang='lat' dir='ltr'><strong>vitae</strong></span> <span class='ocrx_word' id='word_1_59' title='bbox 588 1088 667 1131; x_wconf 76' lang='lat' dir='ltr'><strong>men.</strong></span> <span class='ocrx_word' id='word_1_60' title='bbox 678 1077 711 1131; x_wconf 80' lang='lat' dir='ltr'><strong>lit</strong></span> <span class='ocrx_word' id='word_1_61' title='bbox 723 1083 792 1147; x_wconf 88' lang='lat' dir='ltr'><strong>puta</strong></span> <span class='ocrx_word' id='word_1_62' title='bbox 801 1080 870 1150; x_wconf 90' lang='lat' dir='ltr'><strong>quia</strong></span> <span class='ocrx_word' id='word_1_63' title='bbox 882 1081 996 1139; x_wconf 89' lang='lat' dir='ltr'><strong>habites</strong></span> 
     </span>
     <span class='ocr_line' id='line_1_11' title="bbox 135 1139 996 1234; baseline 0.037 -38"><span class='ocrx_word' id='word_1_64' title='bbox 135 1139 168 1195; x_wconf 92' lang='lat' dir='ltr'><strong>in</strong></span> <span class='ocrx_word' id='word_1_65' title='bbox 184 1143 274 1203; x_wconf 93' lang='lat' dir='ltr'><strong>domo</strong></span> <span class='ocrx_word' id='word_1_66' title='bbox 290 1146 416 1220; x_wconf 87' lang='lat' dir='ltr'><strong>Domini,</strong></span> <span class='ocrx_word' id='word_1_67' title='bbox 434 1155 512 1211; x_wconf 91' lang='lat' dir='ltr'><strong>unde</strong></span> <span class='ocrx_word' id='word_1_68' title='bbox 534 1156 573 1212; x_wconf 91' lang='lat' dir='ltr'><strong>ibi</strong></span> <span class='ocrx_word' id='word_1_69' title='bbox 600 1160 653 1215; x_wconf 88' lang='lat' dir='ltr'><strong>erit</strong></span> <span class='ocrx_word' id='word_1_70' title='bbox 676 1163 818 1234; x_wconf 82' lang='lat' dir='ltr'><strong>gaudium</strong></span> <span class='ocrx_word' id='word_1_71' title='bbox 843 1169 947 1225; x_wconf 82' lang='lat' dir='ltr'><strong>tuumt</strong></span> <span class='ocrx_word' id='word_1_72' title='bbox 963 1170 996 1228; x_wconf 85' lang='lat' dir='ltr'><strong>tlt</strong></span> 
     </span>
     <span class='ocr_line' id='line_1_12' title="bbox 134 1234 994 1325; baseline 0.036 -40"><span class='ocrx_word' id='word_1_73' title='bbox 134 1234 319 1306; x_wconf 82' lang='lat' dir='ltr'><strong>contempler,</strong></span> <span class='ocrx_word' id='word_1_74' title='bbox 354 1238 461 1311; x_wconf 91' lang='lat' dir='ltr'><strong>inquit,</strong></span> <span class='ocrx_word' id='word_1_75' title='bbox 505 1243 711 1307; x_wconf 81' lang='lat' dir='ltr'><strong>delectationem</strong></span> <span class='ocrx_word' id='word_1_76' title='bbox 753 1254 866 1312; x_wconf 79' lang='lat' dir='ltr'><strong>Domini</strong></span> <span class='ocrx_word' id='word_1_77' title='bbox 905 1258 994 1325; x_wconf 81' lang='lat' dir='ltr'><strong>(l‘eal.</strong></span> 
     </span>
     <span class='ocr_line' id='line_1_13' title="bbox 133 1323 270 1394; baseline 0.044 -21"><span class='ocrx_word' id='word_1_78' title='bbox 133 1335 214 1389; x_wconf 82' lang='lat' dir='ltr'><strong>xxva,</strong></span> <span class='ocrx_word' id='word_1_79' title='bbox 230 1323 270 1394; x_wconf 83' lang='lat' dir='ltr'><strong>l).</strong></span> 
     </span>
    </p>

    <p class='ocr_par' dir='ltr' id='par_1_3' title="bbox 120 1411 995 5193">
     <span class='ocr_line' id='line_1_14' title="bbox 168 1411 994 1508; baseline 0.04 -42"><span class='ocrx_word' id='word_1_80' title='bbox 168 1411 345 1473; x_wconf 81' lang='lat' dir='ltr'><strong>2l.l&#39;ratres</strong></span> <span class='ocrx_word' id='word_1_81' title='bbox 376 1420 443 1487; x_wconf 91' lang='lat' dir='ltr'><strong>mei,</strong></span> <span class='ocrx_word' id='word_1_82' title='bbox 474 1424 551 1481; x_wconf 91' lang='lat' dir='ltr'><strong>unde</strong></span> <span class='ocrx_word' id='word_1_83' title='bbox 575 1428 720 1503; x_wconf 86' lang='lat' dir='ltr'><strong>clematis,</strong></span> <span class='ocrx_word' id='word_1_84' title='bbox 736 1436 813 1492; x_wconf 89' lang='lat' dir='ltr'><strong>unde</strong></span> <span class='ocrx_word' id='word_1_85' title='bbox 830 1439 994 1508; x_wconf 85' lang='lat' dir='ltr'><strong>exsultetis,</strong></span> 
     </span>
     <span class='ocr_line' id='line_1_15' title="bbox 133 1501 994 1596; baseline 0.041 -43"><span class='ocrx_word' id='word_1_86' title='bbox 133 1501 215 1557; x_wconf 87' lang='lat' dir='ltr'><strong>unde</strong></span> <span class='ocrx_word' id='word_1_87' title='bbox 229 1504 344 1575; x_wconf 85' lang='lat' dir='ltr'><strong>amatis,</strong></span> <span class='ocrx_word' id='word_1_88' title='bbox 361 1508 418 1564; x_wconf 92' lang='lat' dir='ltr'><strong>nisi</strong></span> <span class='ocrx_word' id='word_1_89' title='bbox 434 1511 551 1583; x_wconf 91' lang='lat' dir='ltr'><strong>quiaibi</strong></span> <span class='ocrx_word' id='word_1_90' title='bbox 567 1522 613 1573; x_wconf 83' lang='lat' dir='ltr'><strong>eet</strong></span> <span class='ocrx_word' id='word_1_91' title='bbox 627 1518 994 1596; x_wconf 84' lang='lat' dir='ltr'><strong>scintiliabujuecharita-</strong></span> 
     </span>
     <span class='ocr_line' id='line_1_16' title="bbox 130 1590 994 1686; baseline 0.041 -43"><span class='ocrx_word' id='word_1_92' title='bbox 130 1590 170 1646; x_wconf 88' lang='lat' dir='ltr'><strong>tie</strong></span> <span class='ocrx_word' id='word_1_93' title='bbox 181 1590 197 1647; x_wconf 84' lang='lat' dir='ltr'><strong>‘l</strong></span> <span class='ocrx_word' id='word_1_94' title='bbox 208 1592 281 1658; x_wconf 89' lang='lat' dir='ltr'><strong>Quid</strong></span> <span class='ocrx_word' id='word_1_95' title='bbox 293 1595 476 1669; x_wconf 88' lang='lat' dir='ltr'><strong>desideretis,</strong></span> <span class='ocrx_word' id='word_1_96' title='bbox 492 1619 560 1673; x_wconf 90' lang='lat' dir='ltr'><strong>rogo</strong></span> <span class='ocrx_word' id='word_1_97' title='bbox 572 1621 623 1663; x_wconf 87' lang='lat' dir='ltr'><strong>vos</strong></span> <span class='ocrx_word' id='word_1_98' title='bbox 633 1607 647 1663; x_wconf 81' lang='lat' dir='ltr'><strong>t</strong></span> <span class='ocrx_word' id='word_1_99' title='bbox 657 1608 755 1668; x_wconf 84' lang='lat' dir='ltr'><strong>videri</strong></span> <span class='ocrx_word' id='word_1_100' title='bbox 764 1620 861 1686; x_wconf 89' lang='lat' dir='ltr'><strong>potest</strong></span> <span class='ocrx_word' id='word_1_101' title='bbox 876 1620 994 1680; x_wconf 75' lang='lat' dir='ltr'><strong>oeulis?</strong></span> 
     </span>
     <span class='ocr_line' id='line_1_17' title="bbox 131 1681 995 1773; baseline 0.041 -40"><span class='ocrx_word' id='word_1_102' title='bbox 131 1681 215 1751; x_wconf 87' lang='lat' dir='ltr'><strong>tangi</strong></span> <span class='ocrx_word' id='word_1_103' title='bbox 230 1682 347 1755; x_wconf 78' lang='lat' dir='ltr'><strong>petenti</strong></span> <span class='ocrx_word' id='word_1_104' title='bbox 361 1685 550 1759; x_wconf 78' lang='lat' dir='ltr'><strong>pulchritudo</strong></span> <span class='ocrx_word' id='word_1_105' title='bbox 566 1695 720 1768; x_wconf 84' lang='lat' dir='ltr'><strong>eliquaeet</strong></span> <span class='ocrx_word' id='word_1_106' title='bbox 740 1718 804 1773; x_wconf 80' lang='lat' dir='ltr'><strong>qua</strong></span> <span class='ocrx_word' id='word_1_107' title='bbox 823 1707 925 1765; x_wconf 88' lang='lat' dir='ltr'><strong>oculos</strong></span> <span class='ocrx_word' id='word_1_108' title='bbox 947 1711 995 1767; x_wconf 83' lang='lat' dir='ltr'><strong>de·</strong></span> 
     </span>
     <span class='ocr_line' id='line_1_18' title="bbox 132 1768 992 1868; baseline 0.04 -44"><span class='ocrx_word' id='word_1_109' title='bbox 132 1768 252 1829; x_wconf 74' lang='lat' dir='ltr'><strong>lentati</strong></span> <span class='ocrx_word' id='word_1_110' title='bbox 266 1773 369 1833; x_wconf 88' lang='lat' dir='ltr'><strong>Nonne</strong></span> <span class='ocrx_word' id='word_1_111' title='bbox 384 1787 625 1851; x_wconf 77' lang='lat' dir='ltr'><strong>martyresamnti</strong></span> <span class='ocrx_word' id='word_1_112' title='bbox 648 1796 720 1848; x_wconf 90' lang='lat' dir='ltr'><strong>eunt</strong></span> <span class='ocrx_word' id='word_1_113' title='bbox 741 1793 944 1868; x_wconf 88' lang='lat' dir='ltr'><strong>vehementer;</strong></span> <span class='ocrx_word' id='word_1_114' title='bbox 964 1808 992 1858; x_wconf 91' lang='lat' dir='ltr'><strong>et</strong></span> 
     </span>
     <span class='ocr_line' id='line_1_19' title="bbox 131 1862 992 1948; baseline 0.038 -33"><span class='ocrx_word' id='word_1_115' title='bbox 131 1862 255 1931; x_wconf 90' lang='lat' dir='ltr'><strong>quando</strong></span> <span class='ocrx_word' id='word_1_116' title='bbox 275 1880 325 1921; x_wconf 85' lang='lat' dir='ltr'><strong>coe</strong></span> <span class='ocrx_word' id='word_1_117' title='bbox 344 1883 619 1947; x_wconf 86' lang='lat' dir='ltr'><strong>commemoramus,</strong></span> <span class='ocrx_word' id='word_1_118' title='bbox 640 1879 853 1942; x_wconf 85' lang='lat' dir='ltr'><strong>inardescimus</strong></span> <span class='ocrx_word' id='word_1_119' title='bbox 871 1891 992 1948; x_wconf 77' lang='lat' dir='ltr'><strong>amore?</strong></span> 
     </span>
     <span class='ocr_line' id='line_1_20' title="bbox 132 1949 992 2036; baseline 0.041 -34"><span class='ocrx_word' id='word_1_120' title='bbox 132 1949 212 2016; x_wconf 92' lang='lat' dir='ltr'><strong>Quid</strong></span> <span class='ocrx_word' id='word_1_121' title='bbox 229 1951 260 2009; x_wconf 94' lang='lat' dir='ltr'><strong>in</strong></span> <span class='ocrx_word' id='word_1_122' title='bbox 276 1952 336 2012; x_wconf 91' lang='lat' dir='ltr'><strong>illis</strong></span> <span class='ocrx_word' id='word_1_123' title='bbox 350 1973 497 2032; x_wconf 87' lang='lat' dir='ltr'><strong>amemus,</strong></span> <span class='ocrx_word' id='word_1_124' title='bbox 513 1963 616 2022; x_wconf 80' lang='lat' dir='ltr'><strong>fraires</strong></span> <span class='ocrx_word' id='word_1_125' title='bbox 627 1967 641 2022; x_wconf 87' lang='lat' dir='ltr'><strong>‘l</strong></span> <span class='ocrx_word' id='word_1_126' title='bbox 654 1970 901 2033; x_wconf 84' lang='lat' dir='ltr'><strong>liembrelenlata</strong></span> <span class='ocrx_word' id='word_1_127' title='bbox 922 1979 992 2036; x_wconf 87' lang='lat' dir='ltr'><strong>aie-</strong></span> 
     </span>
     <span class='ocr_line' id='line_1_21' title="bbox 131 2039 991 2142; baseline 0.038 -49"><span class='ocrx_word' id='word_1_128' title='bbox 131 2039 201 2096; x_wconf 82' lang='lat' dir='ltr'><strong>rie?</strong></span> <span class='ocrx_word' id='word_1_129' title='bbox 216 2043 292 2109; x_wconf 89' lang='lat' dir='ltr'><strong>Quid</strong></span> <span class='ocrx_word' id='word_1_130' title='bbox 309 2045 425 2119; x_wconf 85' lang='lat' dir='ltr'><strong>loedius,</strong></span> <span class='ocrx_word' id='word_1_131' title='bbox 441 2049 466 2107; x_wconf 87' lang='lat' dir='ltr'><strong>ei</strong></span> <span class='ocrx_word' id='word_1_132' title='bbox 482 2054 582 2113; x_wconf 90' lang='lat' dir='ltr'><strong>oculos</strong></span> <span class='ocrx_word' id='word_1_133' title='bbox 602 2059 700 2118; x_wconf 88' lang='lat' dir='ltr'><strong>earnis</strong></span> <span class='ocrx_word' id='word_1_134' title='bbox 722 2062 905 2138; x_wconf 83' lang='lat' dir='ltr'><strong>interroges?</strong></span> <span class='ocrx_word' id='word_1_135' title='bbox 919 2070 991 2142; x_wconf 91' lang='lat' dir='ltr'><strong>quid</strong></span> 
     </span>
     <span class='ocr_line' id='line_1_22' title="bbox 130 2130 990 2223; baseline 0.037 -39"><span class='ocrx_word' id='word_1_136' title='bbox 130 2130 300 2202; x_wconf 89' lang='lat' dir='ltr'><strong>pulchrius,</strong></span> <span class='ocrx_word' id='word_1_137' title='bbox 313 2134 338 2192; x_wconf 91' lang='lat' dir='ltr'><strong>ei</strong></span> <span class='ocrx_word' id='word_1_138' title='bbox 349 2138 449 2197; x_wconf 87' lang='lat' dir='ltr'><strong>ocules</strong></span> <span class='ocrx_word' id='word_1_139' title='bbox 465 2144 561 2201; x_wconf 91' lang='lat' dir='ltr'><strong>cordis</strong></span> <span class='ocrx_word' id='word_1_140' title='bbox 576 2144 737 2223; x_wconf 88' lang='lat' dir='ltr'><strong>interroges</strong></span> <span class='ocrx_word' id='word_1_141' title='bbox 748 2151 762 2208; x_wconf 81' lang='lat' dir='ltr'><strong>i</strong></span> <span class='ocrx_word' id='word_1_142' title='bbox 774 2155 847 2218; x_wconf 88' lang='lat' dir='ltr'><strong>Quid</strong></span> <span class='ocrx_word' id='word_1_143' title='bbox 872 2157 925 2213; x_wconf 90' lang='lat' dir='ltr'><strong>tibi</strong></span> <span class='ocrx_word' id='word_1_144' title='bbox 946 2160 990 2216; x_wconf 90' lang='lat' dir='ltr'><strong>vi·</strong></span> 
     </span>
     <span class='ocr_line' id='line_1_23' title="bbox 128 2220 991 2309; baseline 0.038 -35"><span class='ocrx_word' id='word_1_145' title='bbox 128 2220 221 2277; x_wconf 87' lang='lat' dir='ltr'><strong>detur</strong></span> <span class='ocrx_word' id='word_1_146' title='bbox 231 2223 400 2285; x_wconf 74' lang='lat' dir='ltr'><strong>adolescens</strong></span> <span class='ocrx_word' id='word_1_147' title='bbox 411 2229 629 2302; x_wconf 91' lang='lat' dir='ltr'><strong>pulcherrimus</strong></span> <span class='ocrx_word' id='word_1_148' title='bbox 641 2239 707 2296; x_wconf 79' lang='lat' dir='ltr'><strong>luri</strong></span> <span class='ocrx_word' id='word_1_149' title='bbox 716 2244 860 2309; x_wconf 80' lang='lat' dir='ltr'><strong>Quomodo</strong></span> <span class='ocrx_word' id='word_1_150' title='bbox 871 2246 991 2308; x_wconf 79' lang='lat' dir='ltr'><strong>horrent</strong></span> 
     </span>
     <span class='ocr_line' id='line_1_24' title="bbox 128 2308 989 2407; baseline 0.039 -45"><span class='ocrx_word' id='word_1_151' title='bbox 128 2308 213 2366; x_wconf 88' lang='lat' dir='ltr'><strong>oculi</strong></span> <span class='ocrx_word' id='word_1_152' title='bbox 223 2312 266 2367; x_wconf 91' lang='lat' dir='ltr'><strong>tui</strong></span> <span class='ocrx_word' id='word_1_153' title='bbox 277 2313 292 2370; x_wconf 82' lang='lat' dir='ltr'><strong>‘l</strong></span> <span class='ocrx_word' id='word_1_154' title='bbox 305 2318 453 2389; x_wconf 83' lang='lat' dir='ltr'><strong>Numquid</strong></span> <span class='ocrx_word' id='word_1_155' title='bbox 464 2323 540 2379; x_wconf 91' lang='lat' dir='ltr'><strong>oculi</strong></span> <span class='ocrx_word' id='word_1_156' title='bbox 554 2327 843 2391; x_wconf 77' lang='lat' dir='ltr'><strong>eerniehorrentlsi</strong></span> <span class='ocrx_word' id='word_1_157' title='bbox 855 2335 989 2407; x_wconf 88' lang='lat' dir='ltr'><strong>ipsosin·</strong></span> 
     </span>
     <span class='ocr_line' id='line_1_25' title="bbox 128 2402 988 2491; baseline 0.037 -38"><span class='ocrx_word' id='word_1_158' title='bbox 128 2402 277 2474; x_wconf 87' lang='lat' dir='ltr'><strong>terrogee,</strong></span> <span class='ocrx_word' id='word_1_159' title='bbox 289 2405 362 2461; x_wconf 91' lang='lat' dir='ltr'><strong>nihil</strong></span> <span class='ocrx_word' id='word_1_160' title='bbox 374 2405 425 2464; x_wconf 92' lang='lat' dir='ltr'><strong>illo</strong></span> <span class='ocrx_word' id='word_1_161' title='bbox 435 2425 556 2483; x_wconf 91' lang='lat' dir='ltr'><strong>corpore</strong></span> <span class='ocrx_word' id='word_1_162' title='bbox 572 2419 773 2491; x_wconf 80' lang='lat' dir='ltr'><strong>compositius,</strong></span> <span class='ocrx_word' id='word_1_163' title='bbox 787 2423 862 2480; x_wconf 89' lang='lat' dir='ltr'><strong>nihil</strong></span> <span class='ocrx_word' id='word_1_164' title='bbox 873 2427 988 2483; x_wconf 82' lang='lat' dir='ltr'><strong>ordine·</strong></span> 
     </span>
     <span class='ocr_line' id='line_1_26' title="bbox 126 2485 989 2576; baseline 0.037 -35"><span class='ocrx_word' id='word_1_165' title='bbox 126 2485 190 2544; x_wconf 81' lang='lat' dir='ltr'><strong>tius</strong></span> <span class='ocrx_word' id='word_1_166' title='bbox 207 2489 234 2556; x_wconf 89' lang='lat'><strong>¹;</strong></span> <span class='ocrx_word' id='word_1_167' title='bbox 251 2496 280 2546; x_wconf 88' lang='lat' dir='ltr'><strong>et</strong></span> <span class='ocrx_word' id='word_1_168' title='bbox 292 2493 422 2562; x_wconf 77' lang='lat' dir='ltr'><strong>parilitas</strong></span> <span class='ocrx_word' id='word_1_169' title='bbox 437 2500 648 2576; x_wconf 91' lang='lat' dir='ltr'><strong>membrorum,</strong></span> <span class='ocrx_word' id='word_1_170' title='bbox 664 2513 693 2565; x_wconf 90' lang='lat' dir='ltr'><strong>et</strong></span> <span class='ocrx_word' id='word_1_171' title='bbox 712 2509 819 2570; x_wconf 89' lang='lat' dir='ltr'><strong>eoloris</strong></span> <span class='ocrx_word' id='word_1_172' title='bbox 835 2513 989 2573; x_wconf 81' lang='lat' dir='ltr'><strong>delectatio</strong></span> 
     </span>
     <span class='ocr_line' id='line_1_27' title="bbox 125 2576 989 2678; baseline 0.037 -47"><span class='ocrx_word' id='word_1_173' title='bbox 125 2576 217 2635; x_wconf 89' lang='lat' dir='ltr'><strong>illicit</strong></span> <span class='ocrx_word' id='word_1_174' title='bbox 229 2579 330 2639; x_wconf 89' lang='lat' dir='ltr'><strong>oeulos</strong></span> <span class='ocrx_word' id='word_1_175' title='bbox 347 2589 394 2652; x_wconf 89' lang='lat' dir='ltr'><strong>;et</strong></span> <span class='ocrx_word' id='word_1_176' title='bbox 408 2590 505 2646; x_wconf 75' lang='lat' dir='ltr'><strong>minen</strong></span> <span class='ocrx_word' id='word_1_177' title='bbox 519 2607 584 2650; x_wconf 89' lang='lat' dir='ltr'><strong>cum</strong></span> <span class='ocrx_word' id='word_1_178' title='bbox 599 2596 684 2654; x_wconf 90' lang='lat' dir='ltr'><strong>sudis</strong></span> <span class='ocrx_word' id='word_1_179' title='bbox 694 2600 763 2670; x_wconf 87' lang='lat' dir='ltr'><strong>quia</strong></span> <span class='ocrx_word' id='word_1_180' title='bbox 779 2603 827 2660; x_wconf 88' lang='lat' dir='ltr'><strong>tor</strong></span> <span class='ocrx_word' id='word_1_181' title='bbox 845 2608 900 2672; x_wconf 91' lang='lat' dir='ltr'><strong>est,</strong></span> <span class='ocrx_word' id='word_1_182' title='bbox 913 2605 989 2678; x_wconf 86' lang='lat' dir='ltr'><strong>iugis</strong></span> 
     </span>
     <span class='ocr_line' id='line_1_28' title="bbox 128 2664 986 2764; baseline 0.037 -44"><span class='ocrx_word' id='word_1_183' title='bbox 128 2664 282 2724; x_wconf 89' lang='lat' dir='ltr'><strong>hominem</strong></span> <span class='ocrx_word' id='word_1_184' title='bbox 294 2671 402 2730; x_wconf 88' lang='lat' dir='ltr'><strong>eoirno.</strong></span> <span class='ocrx_word' id='word_1_185' title='bbox 417 2676 503 2735; x_wconf 90' lang='lat' dir='ltr'><strong>Vides</strong></span> <span class='ocrx_word' id='word_1_186' title='bbox 513 2696 549 2738; x_wconf 87' lang='lat' dir='ltr'><strong>ex</strong></span> <span class='ocrx_word' id='word_1_187' title='bbox 559 2682 616 2741; x_wconf 91' lang='lat' dir='ltr'><strong>alia</strong></span> <span class='ocrx_word' id='word_1_188' title='bbox 632 2692 714 2757; x_wconf 90' lang='lat' dir='ltr'><strong>purte</strong></span> <span class='ocrx_word' id='word_1_189' title='bbox 733 2706 834 2748; x_wconf 88' lang='lat' dir='ltr'><strong>senem</strong></span> <span class='ocrx_word' id='word_1_190' title='bbox 852 2710 986 2764; x_wconf 88' lang='lat' dir='ltr'><strong>curvum,</strong></span> 
     </span>
     <span class='ocr_line' id='line_1_29' title="bbox 126 2755 988 2855; baseline 0.039 -46"><span class='ocrx_word' id='word_1_191' title='bbox 126 2755 492 2834; x_wconf 83' lang='lat' dir='ltr'><strong>beenloinnitsntem,vix</strong></span> <span class='ocrx_word' id='word_1_192' title='bbox 506 2786 538 2827; x_wconf 91' lang='lat' dir='ltr'><strong>se</strong></span> <span class='ocrx_word' id='word_1_193' title='bbox 554 2784 729 2846; x_wconf 90' lang='lat' dir='ltr'><strong>moventem,</strong></span> <span class='ocrx_word' id='word_1_194' title='bbox 752 2781 831 2851; x_wconf 86' lang='lat' dir='ltr'><strong>rugis</strong></span> <span class='ocrx_word' id='word_1_195' title='bbox 861 2783 988 2855; x_wconf 86' lang='lat' dir='ltr'><strong>undique</strong></span> 
     </span>
     <span class='ocr_line' id='line_1_30' title="bbox 129 2852 987 2932; baseline 0.035 -30"><span class='ocrx_word' id='word_1_196' title='bbox 129 2854 283 2904; x_wconf 81' lang='lat' dir='ltr'><strong>exaratum</strong></span> <span class='ocrx_word' id='word_1_197' title='bbox 300 2852 391 2924; x_wconf 90' lang='lat' dir='ltr'><strong>:quid</strong></span> <span class='ocrx_word' id='word_1_198' title='bbox 416 2856 496 2915; x_wconf 84' lang='lat' dir='ltr'><strong>vides</strong></span> <span class='ocrx_word' id='word_1_199' title='bbox 516 2863 593 2932; x_wconf 90' lang='lat' dir='ltr'><strong>quod</strong></span> <span class='ocrx_word' id='word_1_200' title='bbox 611 2864 709 2924; x_wconf 89' lang='lat' dir='ltr'><strong>oeulos</strong></span> <span class='ocrx_word' id='word_1_201' title='bbox 730 2868 881 2929; x_wconf 74' lang='lat' dir='ltr'><strong>delectet?</strong></span> <span class='ocrx_word' id='word_1_202' title='bbox 895 2874 987 2932; x_wconf 81' lang='lat' dir='ltr'><strong>Audis</strong></span> 
     </span>
     <span class='ocr_line' id='line_1_31' title="bbox 132 2935 987 3035; baseline 0.039 -47"><span class='ocrx_word' id='word_1_203' title='bbox 132 2935 363 3009; x_wconf 82' lang='lat' dir='ltr'><strong>quiajustueest</strong></span> <span class='ocrx_word' id='word_1_204' title='bbox 376 2959 383 3011; x_wconf 92' lang='lat'><strong>;</strong></span> <span class='ocrx_word' id='word_1_205' title='bbox 394 2960 487 3017; x_wconf 82' lang='lat' dir='ltr'><strong>amne,</strong></span> <span class='ocrx_word' id='word_1_206' title='bbox 499 2950 694 3023; x_wconf 84' lang='lat' dir='ltr'><strong>amplecteris.</strong></span> <span class='ocrx_word' id='word_1_207' title='bbox 714 2957 795 3016; x_wconf 88' lang='lat' dir='ltr'><strong>Talia</strong></span> <span class='ocrx_word' id='word_1_208' title='bbox 813 2961 897 3019; x_wconf 91' lang='lat' dir='ltr'><strong>uobis</strong></span> <span class='ocrx_word' id='word_1_209' title='bbox 913 2979 987 3035; x_wconf 83' lang='lat' dir='ltr'><strong>prea-</strong></span> 
     </span>
     <span class='ocr_line' id='line_1_32' title="bbox 132 3022 985 3123; baseline 0.036 -43"><span class='ocrx_word' id='word_1_210' title='bbox 132 3022 196 3082; x_wconf 82' lang='lat' dir='ltr'><strong>mia</strong></span> <span class='ocrx_word' id='word_1_211' title='bbox 207 3027 357 3098; x_wconf 86' lang='lat' dir='ltr'><strong>promissa</strong></span> <span class='ocrx_word' id='word_1_212' title='bbox 369 3038 450 3105; x_wconf 88' lang='lat' dir='ltr'><strong>eunt,</strong></span> <span class='ocrx_word' id='word_1_213' title='bbox 462 3037 566 3097; x_wconf 84' lang='lat' dir='ltr'><strong>iratres</strong></span> <span class='ocrx_word' id='word_1_214' title='bbox 586 3042 642 3099; x_wconf 90' lang='lat' dir='ltr'><strong>mei</strong></span> <span class='ocrx_word' id='word_1_215' title='bbox 655 3061 662 3099; x_wconf 91' lang='lat'>:</span> <span class='ocrx_word' id='word_1_216' title='bbox 676 3046 734 3102; x_wconf 81' lang='lat' dir='ltr'><strong>tale</strong></span> <span class='ocrx_word' id='word_1_217' title='bbox 749 3047 858 3121; x_wconf 88' lang='lat' dir='ltr'><strong>aliquid</strong></span> <span class='ocrx_word' id='word_1_218' title='bbox 878 3058 985 3123; x_wconf 84' lang='lat' dir='ltr'><strong>amate,</strong></span> 
     </span>
     <span class='ocr_line' id='line_1_33' title="bbox 131 3112 987 3208; baseline 0.033 -38"><span class='ocrx_word' id='word_1_219' title='bbox 131 3112 182 3170; x_wconf 84' lang='lat' dir='ltr'><strong>tali</strong></span> <span class='ocrx_word' id='word_1_220' title='bbox 193 3131 282 3188; x_wconf 82' lang='lat' dir='ltr'><strong>regno</strong></span> <span class='ocrx_word' id='word_1_221' title='bbox 292 3121 448 3194; x_wconf 88' lang='lat' dir='ltr'><strong>suspirate,</strong></span> <span class='ocrx_word' id='word_1_222' title='bbox 460 3126 545 3186; x_wconf 87' lang='lat' dir='ltr'><strong>telem</strong></span> <span class='ocrx_word' id='word_1_223' title='bbox 558 3132 682 3201; x_wconf 86' lang='lat' dir='ltr'><strong>petriam</strong></span> <span class='ocrx_word' id='word_1_224' title='bbox 692 3134 874 3208; x_wconf 85' lang='lat' dir='ltr'><strong>desiderete;</strong></span> <span class='ocrx_word' id='word_1_225' title='bbox 887 3141 913 3197; x_wconf 90' lang='lat' dir='ltr'><strong>si</strong></span> <span class='ocrx_word' id='word_1_226' title='bbox 922 3140 987 3197; x_wconf 92' lang='lat' dir='ltr'><strong>vul-</strong></span> 
     </span>
     <span class='ocr_line' id='line_1_34' title="bbox 131 3202 986 3302; baseline 0.033 -43"><span class='ocrx_word' id='word_1_227' title='bbox 131 3202 169 3260; x_wconf 88' lang='lat' dir='ltr'><strong>tie</strong></span> <span class='ocrx_word' id='word_1_228' title='bbox 180 3206 376 3276; x_wconf 86' lang='lat' dir='ltr'><strong>perrenirced</strong></span> <span class='ocrx_word' id='word_1_229' title='bbox 386 3211 413 3268; x_wconf 92' lang='lat' dir='ltr'><strong>id</strong></span> <span class='ocrx_word' id='word_1_230' title='bbox 423 3229 488 3273; x_wconf 89' lang='lat' dir='ltr'><strong>curu</strong></span> <span class='ocrx_word' id='word_1_231' title='bbox 501 3234 559 3290; x_wconf 91' lang='lat' dir='ltr'><strong>quo</strong></span> <span class='ocrx_word' id='word_1_232' title='bbox 578 3223 656 3279; x_wconf 91' lang='lat' dir='ltr'><strong>venit</strong></span> <span class='ocrx_word' id='word_1_233' title='bbox 670 3222 814 3285; x_wconf 84' lang='lat' dir='ltr'><strong>Dominus</strong></span> <span class='ocrx_word' id='word_1_234' title='bbox 829 3233 941 3302; x_wconf 88' lang='lat' dir='ltr'><strong>uester,</strong></span> <span class='ocrx_word' id='word_1_235' title='bbox 956 3231 986 3287; x_wconf 91' lang='lat' dir='ltr'><strong>id</strong></span> 
     </span>
     <span class='ocr_line' id='line_1_35' title="bbox 130 3294 987 3390; baseline 0.035 -41"><span class='ocrx_word' id='word_1_236' title='bbox 130 3297 186 3358; x_wconf 88' lang='lat' dir='ltr'><strong>est,</strong></span> <span class='ocrx_word' id='word_1_237' title='bbox 202 3294 236 3349; x_wconf 88' lang='lat' dir='ltr'><strong>ad</strong></span> <span class='ocrx_word' id='word_1_238' title='bbox 260 3299 385 3369; x_wconf 89' lang='lat' dir='ltr'><strong>gretiam</strong></span> <span class='ocrx_word' id='word_1_239' title='bbox 409 3308 437 3361; x_wconf 93' lang='lat' dir='ltr'><strong>et</strong></span> <span class='ocrx_word' id='word_1_240' title='bbox 459 3306 623 3369; x_wconf 85' lang='lat' dir='ltr'><strong>veritatem.</strong></span> <span class='ocrx_word' id='word_1_241' title='bbox 647 3312 677 3371; x_wconf 93' lang='lat' dir='ltr'><strong>Si</strong></span> <span class='ocrx_word' id='word_1_242' title='bbox 702 3320 800 3373; x_wconf 87' lang='lat' dir='ltr'><strong>eutem</strong></span> <span class='ocrx_word' id='word_1_243' title='bbox 824 3321 987 3390; x_wconf 88' lang='lat' dir='ltr'><strong>corporalia</strong></span> 
     </span>
     <span class='ocr_line' id='line_1_36' title="bbox 128 3386 987 3483; baseline 0.038 -46"><span class='ocrx_word' id='word_1_244' title='bbox 128 3386 253 3455; x_wconf 77' lang='lat' dir='ltr'><strong>praetnia</strong></span> <span class='ocrx_word' id='word_1_245' title='bbox 266 3392 450 3464; x_wconf 90' lang='lat' dir='ltr'><strong>concupieris</strong></span> <span class='ocrx_word' id='word_1_246' title='bbox 474 3413 491 3453; x_wconf 92' lang='lat' dir='ltr'><strong>a</strong></span> <span class='ocrx_word' id='word_1_247' title='bbox 514 3397 582 3471; x_wconf 89' lang='lat' dir='ltr'><strong>Deo,</strong></span> <span class='ocrx_word' id='word_1_248' title='bbox 599 3402 694 3461; x_wconf 88' lang='lat' dir='ltr'><strong>adhue</strong></span> <span class='ocrx_word' id='word_1_249' title='bbox 723 3407 777 3463; x_wconf 91' lang='lat' dir='ltr'><strong>sub</strong></span> <span class='ocrx_word' id='word_1_250' title='bbox 803 3408 877 3483; x_wconf 86' lang='lat' dir='ltr'><strong>Lege</strong></span> <span class='ocrx_word' id='word_1_251' title='bbox 898 3427 940 3481; x_wconf 90' lang='lat' dir='ltr'><strong>ee,</strong></span> <span class='ocrx_word' id='word_1_252' title='bbox 957 3415 987 3469; x_wconf 91' lang='lat' dir='ltr'><strong>et</strong></span> 
     </span>
     <span class='ocr_line' id='line_1_37' title="bbox 126 3470 986 3567; baseline 0.04 -42"><span class='ocrx_word' id='word_1_253' title='bbox 126 3470 197 3529; x_wconf 90' lang='lat' dir='ltr'><strong>ideo</strong></span> <span class='ocrx_word' id='word_1_254' title='bbox 207 3473 303 3547; x_wconf 91' lang='lat' dir='ltr'><strong>ipsam</strong></span> <span class='ocrx_word' id='word_1_255' title='bbox 316 3478 415 3551; x_wconf 85' lang='lat' dir='ltr'><strong>legem</strong></span> <span class='ocrx_word' id='word_1_256' title='bbox 428 3499 485 3541; x_wconf 92' lang='lat' dir='ltr'><strong>non</strong></span> <span class='ocrx_word' id='word_1_257' title='bbox 507 3487 654 3557; x_wconf 88' lang='lat' dir='ltr'><strong>implebis.</strong></span> <span class='ocrx_word' id='word_1_258' title='bbox 671 3494 890 3567; x_wconf 80' lang='lat' dir='ltr'><strong>Quandolenim</strong></span> <span class='ocrx_word' id='word_1_259' title='bbox 908 3500 986 3558; x_wconf 91' lang='lat' dir='ltr'><strong>vide·</strong></span> 
     </span>
     <span class='ocr_line' id='line_1_38' title="bbox 126 3560 986 3656; baseline 0.038 -40"><span class='ocrx_word' id='word_1_260' title='bbox 126 3560 170 3618; x_wconf 88' lang='lat' dir='ltr'><strong>ris</strong></span> <span class='ocrx_word' id='word_1_261' title='bbox 186 3564 339 3624; x_wconf 84' lang='lat' dir='ltr'><strong>abundare</strong></span> <span class='ocrx_word' id='word_1_262' title='bbox 354 3568 411 3629; x_wconf 87' lang='lat' dir='ltr'><strong>ista</strong></span> <span class='ocrx_word' id='word_1_263' title='bbox 424 3575 597 3648; x_wconf 87' lang='lat' dir='ltr'><strong>temporalia</strong></span> <span class='ocrx_word' id='word_1_264' title='bbox 613 3580 642 3637; x_wconf 94' lang='lat' dir='ltr'><strong>in</strong></span> <span class='ocrx_word' id='word_1_265' title='bbox 657 3582 700 3640; x_wconf 90' lang='lat' dir='ltr'><strong>eie</strong></span> <span class='ocrx_word' id='word_1_266' title='bbox 714 3585 765 3656; x_wconf 92' lang='lat' dir='ltr'><strong>qui</strong></span> <span class='ocrx_word' id='word_1_267' title='bbox 781 3584 873 3645; x_wconf 91' lang='lat' dir='ltr'><strong>Deum</strong></span> <span class='ocrx_word' id='word_1_268' title='bbox 891 3591 986 3648; x_wconf 80' lang='lat' dir='ltr'><strong>oben-</strong></span> 
     </span>
     <span class='ocr_line' id='line_1_39' title="bbox 126 3650 984 3753; baseline 0.041 -47"><span class='ocrx_word' id='word_1_269' title='bbox 126 3650 213 3723; x_wconf 90' lang='lat' dir='ltr'><strong>dunt,</strong></span> <span class='ocrx_word' id='word_1_270' title='bbox 228 3662 333 3715; x_wconf 90' lang='lat' dir='ltr'><strong>nutant</strong></span> <span class='ocrx_word' id='word_1_271' title='bbox 345 3676 465 3733; x_wconf 87' lang='lat' dir='ltr'><strong>gressus</strong></span> <span class='ocrx_word' id='word_1_272' title='bbox 475 3666 528 3740; x_wconf 88' lang='lat' dir='ltr'><strong>tui,</strong></span> <span class='ocrx_word' id='word_1_273' title='bbox 542 3674 571 3726; x_wconf 89' lang='lat' dir='ltr'><strong>et</strong></span> <span class='ocrx_word' id='word_1_274' title='bbox 587 3670 661 3729; x_wconf 85' lang='lat' dir='ltr'><strong>dicis</strong></span> <span class='ocrx_word' id='word_1_275' title='bbox 672 3674 726 3731; x_wconf 89' lang='lat' dir='ltr'><strong>tibi</strong></span> <span class='ocrx_word' id='word_1_276' title='bbox 739 3691 750 3732; x_wconf 89' lang='lat'><strong>.·</strong></span> <span class='ocrx_word' id='word_1_277' title='bbox 765 3676 838 3735; x_wconf 78' lang='lat' dir='ltr'><strong>uoce</strong></span> <span class='ocrx_word' id='word_1_278' title='bbox 852 3695 905 3753; x_wconf 90' lang='lat' dir='ltr'><strong>ego</strong></span> <span class='ocrx_word' id='word_1_279' title='bbox 920 3682 984 3740; x_wconf 88' lang='lat' dir='ltr'><strong>eolo</strong></span> 
     </span>
     <span class='ocr_line' id='line_1_40' title="bbox 125 3741 983 3836; baseline 0.035 -36"><span class='ocrx_word' id='word_1_280' title='bbox 125 3741 232 3815; x_wconf 69' lang='lat' dir='ltr'><strong>Deum</strong></span> <span class='ocrx_word' id='word_1_281' title='bbox 245 3749 375 3820; x_wconf 87' lang='lat' dir='ltr'><strong>quotidie</strong></span> <span class='ocrx_word' id='word_1_282' title='bbox 387 3755 422 3811; x_wconf 88' lang='lat' dir='ltr'><strong>ed</strong></span> <span class='ocrx_word' id='word_1_283' title='bbox 433 3757 584 3823; x_wconf 86' lang='lat' dir='ltr'><strong>ecclesiam</strong></span> <span class='ocrx_word' id='word_1_284' title='bbox 598 3777 693 3831; x_wconf 92' lang='lat' dir='ltr'><strong>curro,</strong></span> <span class='ocrx_word' id='word_1_285' title='bbox 704 3781 799 3836; x_wconf 84' lang='lat' dir='ltr'><strong>genua</strong></span> <span class='ocrx_word' id='word_1_286' title='bbox 819 3769 891 3827; x_wconf 90' lang='lat' dir='ltr'><strong>mihi</strong></span> <span class='ocrx_word' id='word_1_287' title='bbox 916 3773 983 3830; x_wconf 89' lang='lat' dir='ltr'><strong>trite</strong></span> 
     </span>
     <span class='ocr_line' id='line_1_41' title="bbox 124 3837 982 3929; baseline 0.04 -42"><span class='ocrx_word' id='word_1_288' title='bbox 124 3838 196 3891; x_wconf 90' lang='lat' dir='ltr'><strong>eunt</strong></span> <span class='ocrx_word' id='word_1_289' title='bbox 208 3837 238 3891; x_wconf 94' lang='lat' dir='ltr'><strong>in</strong></span> <span class='ocrx_word' id='word_1_290' title='bbox 249 3839 449 3916; x_wconf 86' lang='lat' dir='ltr'><strong>orationibue;</strong></span> <span class='ocrx_word' id='word_1_291' title='bbox 465 3852 494 3902; x_wconf 88' lang='lat' dir='ltr'><strong>et</strong></span> <span class='ocrx_word' id='word_1_292' title='bbox 505 3851 622 3911; x_wconf 88' lang='lat' dir='ltr'><strong>assidue</strong></span> <span class='ocrx_word' id='word_1_293' title='bbox 632 3862 741 3929; x_wconf 81' lang='lat' dir='ltr'><strong>egroto</strong></span> <span class='ocrx_word' id='word_1_294' title='bbox 752 3875 761 3916; x_wconf 73' lang='grc' dir='ltr'>ι</span> <span class='ocrx_word' id='word_1_295' title='bbox 773 3857 932 3918; x_wconf 87' lang='lat' dir='ltr'><strong>homicidia</strong></span> <span class='ocrx_word' id='word_1_296' title='bbox 942 3864 982 3921; x_wconf 88' lang='lat' dir='ltr'><strong>la·</strong></span> 
     </span>
     <span class='ocr_line' id='line_1_42' title="bbox 125 3923 982 4015; baseline 0.042 -39"><span class='ocrx_word' id='word_1_297' title='bbox 125 3923 208 3980; x_wconf 91' lang='lat' dir='ltr'><strong>ciunt</strong></span> <span class='ocrx_word' id='word_1_298' title='bbox 222 3925 367 4001; x_wconf 90' lang='lat' dir='ltr'><strong>homines,</strong></span> <span class='ocrx_word' id='word_1_299' title='bbox 386 3935 504 4008; x_wconf 90' lang='lat' dir='ltr'><strong>rapinae</strong></span> <span class='ocrx_word' id='word_1_300' title='bbox 518 3940 644 4015; x_wconf 82' lang='lat' dir='ltr'><strong>iaciuut;</strong></span> <span class='ocrx_word' id='word_1_301' title='bbox 667 3946 814 4007; x_wconf 83' lang='lat' dir='ltr'><strong>exsultent</strong></span> <span class='ocrx_word' id='word_1_302' title='bbox 837 3956 865 4009; x_wconf 89' lang='lat' dir='ltr'><strong>et</strong></span> <span class='ocrx_word' id='word_1_303' title='bbox 887 3952 982 4011; x_wconf 89' lang='lat' dir='ltr'><strong>abun·</strong></span> 
     </span>
     <span class='ocr_line' id='line_1_43' title="bbox 124 4015 982 4110; baseline 0.042 -41"><span class='ocrx_word' id='word_1_304' title='bbox 124 4015 204 4084; x_wconf 82' lang='lat' dir='ltr'><strong>dant,</strong></span> <span class='ocrx_word' id='word_1_305' title='bbox 218 4018 292 4076; x_wconf 87' lang='lat' dir='ltr'><strong>bene</strong></span> <span class='ocrx_word' id='word_1_306' title='bbox 303 4028 348 4078; x_wconf 89' lang='lat' dir='ltr'><strong>eet</strong></span> <span class='ocrx_word' id='word_1_307' title='bbox 359 4023 428 4085; x_wconf 86' lang='lat' dir='ltr'><strong>iltis.</strong></span> <span class='ocrx_word' id='word_1_308' title='bbox 440 4029 520 4088; x_wconf 84' lang='lat' dir='ltr'><strong>Talia</strong></span> <span class='ocrx_word' id='word_1_309' title='bbox 530 4049 599 4108; x_wconf 89' lang='lat' dir='ltr'><strong>ergo</strong></span> <span class='ocrx_word' id='word_1_310' title='bbox 611 4039 759 4110; x_wconf 85' lang='lat' dir='ltr'><strong>querebas</strong></span> <span class='ocrx_word' id='word_1_311' title='bbox 769 4059 787 4099; x_wconf 85' lang='lat' dir='ltr'><strong>a</strong></span> <span class='ocrx_word' id='word_1_312' title='bbox 796 4042 878 4102; x_wconf 86' lang='lat' dir='ltr'><strong>Daoi</strong></span> <span class='ocrx_word' id='word_1_313' title='bbox 898 4046 982 4104; x_wconf 84' lang='lat' dir='ltr'><strong>Certe</strong></span> 
     </span>
     <span class='ocr_line' id='line_1_44' title="bbox 125 4104 981 4195; baseline 0.041 -38"><span class='ocrx_word' id='word_1_314' title='bbox 125 4104 160 4159; x_wconf 88' lang='lat' dir='ltr'><strong>ed</strong></span> <span class='ocrx_word' id='word_1_315' title='bbox 177 4108 304 4177; x_wconf 84' lang='lat' dir='ltr'><strong>gratiam</strong></span> <span class='ocrx_word' id='word_1_316' title='bbox 321 4113 489 4183; x_wconf 88' lang='lat' dir='ltr'><strong>pertinebas</strong></span> <span class='ocrx_word' id='word_1_317' title='bbox 504 4121 525 4176; x_wconf 88' lang='lat'><strong>¹.</strong></span> <span class='ocrx_word' id='word_1_318' title='bbox 542 4123 571 4180; x_wconf 85' lang='lat' dir='ltr'><strong>St</strong></span> <span class='ocrx_word' id='word_1_319' title='bbox 585 4135 710 4195; x_wconf 81' lang='lat' dir='ltr'><strong>gratiam</strong></span> <span class='ocrx_word' id='word_1_320' title='bbox 737 4130 802 4187; x_wconf 81' lang='lat' dir='ltr'><strong>ideo</strong></span> <span class='ocrx_word' id='word_1_321' title='bbox 828 4132 879 4189; x_wconf 84' lang='lat' dir='ltr'><strong>trbr</strong></span> <span class='ocrx_word' id='word_1_322' title='bbox 901 4134 981 4192; x_wconf 82' lang='lat' dir='ltr'><strong>dedu</strong></span> 
     </span>
     <span class='ocr_line' id='line_1_45' title="bbox 124 4193 978 4294; baseline 0.04 -45"><span class='ocrx_word' id='word_1_323' title='bbox 124 4193 216 4264; x_wconf 85' lang='lat' dir='ltr'><strong>Deus,</strong></span> <span class='ocrx_word' id='word_1_324' title='bbox 227 4199 295 4269; x_wconf 68' lang='lat' dir='ltr'><strong>evuin</strong></span> <span class='ocrx_word' id='word_1_325' title='bbox 306 4204 397 4272; x_wconf 80' lang='lat' dir='ltr'><strong>gretie</strong></span> <span class='ocrx_word' id='word_1_326' title='bbox 409 4205 498 4279; x_wconf 88' lang='lat' dir='ltr'><strong>dedit,</strong></span> <span class='ocrx_word' id='word_1_327' title='bbox 511 4214 601 4285; x_wconf 89' lang='lat' dir='ltr'><strong>gratis</strong></span> <span class='ocrx_word' id='word_1_328' title='bbox 611 4234 687 4275; x_wconf 82' lang='lat' dir='ltr'><strong>ema.</strong></span> <span class='ocrx_word' id='word_1_329' title='bbox 703 4219 765 4279; x_wconf 90' lang='lat' dir='ltr'><strong>Noli</strong></span> <span class='ocrx_word' id='word_1_330' title='bbox 776 4221 812 4277; x_wconf 88' lang='lat' dir='ltr'><strong>ad</strong></span> <span class='ocrx_word' id='word_1_331' title='bbox 823 4226 978 4294; x_wconf 82' lang='lat' dir='ltr'><strong>premium</strong></span> 
     </span>
     <span class='ocr_line' id='line_1_46' title="bbox 124 4284 980 4383; baseline 0.04 -44"><span class='ocrx_word' id='word_1_332' title='bbox 124 4284 247 4359; x_wconf 82' lang='lat' dir='ltr'><strong>diligere</strong></span> <span class='ocrx_word' id='word_1_333' title='bbox 258 4289 348 4350; x_wconf 91' lang='lat' dir='ltr'><strong>Deum</strong></span> <span class='ocrx_word' id='word_1_334' title='bbox 359 4314 367 4367; x_wconf 81' lang='lat'>3</span> <span class='ocrx_word' id='word_1_335' title='bbox 380 4296 441 4368; x_wconf 88' lang='lat' dir='ltr'><strong>ipse</strong></span> <span class='ocrx_word' id='word_1_336' title='bbox 452 4300 491 4356; x_wconf 87' lang='lat' dir='ltr'><strong>sit</strong></span> <span class='ocrx_word' id='word_1_337' title='bbox 501 4307 654 4375; x_wconf 81' lang='lat' dir='ltr'><strong>premium</strong></span> <span class='ocrx_word' id='word_1_338' title='bbox 666 4313 760 4369; x_wconf 93' lang='lat' dir='ltr'><strong>tuum.</strong></span> <span class='ocrx_word' id='word_1_339' title='bbox 770 4313 863 4383; x_wconf 75' lang='lat' dir='ltr'><strong>¹Dicet</strong></span> <span class='ocrx_word' id='word_1_340' title='bbox 880 4315 980 4372; x_wconf 88' lang='lat' dir='ltr'><strong>anima</strong></span> 
     </span>
     <span class='ocr_line' id='line_1_47' title="bbox 122 4379 979 4471; baseline 0.04 -42"><span class='ocrx_word' id='word_1_341' title='bbox 122 4380 185 4443; x_wconf 88' lang='lat' dir='ltr'><strong>tue,</strong></span> <span class='ocrx_word' id='word_1_342' title='bbox 196 4379 286 4436; x_wconf 85' lang='lat' dir='ltr'><strong>Unum</strong></span> <span class='ocrx_word' id='word_1_343' title='bbox 297 4388 366 4455; x_wconf 89' lang='lat' dir='ltr'><strong>petii</strong></span> <span class='ocrx_word' id='word_1_344' title='bbox 373 4402 390 4442; x_wconf 87' lang='lat' dir='ltr'><strong>a</strong></span> <span class='ocrx_word' id='word_1_345' title='bbox 407 4388 531 4461; x_wconf 86' lang='lat' dir='ltr'><strong>Domino,</strong></span> <span class='ocrx_word' id='word_1_346' title='bbox 542 4393 613 4452; x_wconf 81' lang='lat' dir='ltr'><strong>lianc</strong></span> <span class='ocrx_word' id='word_1_347' title='bbox 625 4399 778 4471; x_wconf 76' lang='lat' dir='ltr'><strong>nequirem,</strong></span> <span class='ocrx_word' id='word_1_348' title='bbox 788 4412 818 4458; x_wconf 89' lang='lat' dir='ltr'><strong>ct</strong></span> <span class='ocrx_word' id='word_1_349' title='bbox 827 4403 979 4462; x_wconf 82' lang='lat' dir='ltr'><strong>inhabitem</strong></span> 
     </span>
     <span class='ocr_line' id='line_1_48' title="bbox 123 4468 979 4568; baseline 0.039 -48"><span class='ocrx_word' id='word_1_350' title='bbox 123 4468 241 4526; x_wconf 82' lang='lat' dir='ltr'><strong>indomo</strong></span> <span class='ocrx_word' id='word_1_351' title='bbox 255 4472 366 4531; x_wconf 84' lang='lat' dir='ltr'><strong>Domini</strong></span> <span class='ocrx_word' id='word_1_352' title='bbox 377 4493 531 4548; x_wconf 77' lang='lat' dir='ltr'><strong>peremere</strong></span> <span class='ocrx_word' id='word_1_353' title='bbox 541 4485 597 4543; x_wconf 80' lang='lat' dir='ltr'><strong>dies</strong></span> <span class='ocrx_word' id='word_1_354' title='bbox 608 4486 671 4544; x_wconf 82' lang='lat' dir='ltr'><strong>uitae</strong></span> <span class='ocrx_word' id='word_1_355' title='bbox 681 4506 758 4560; x_wconf 81' lang='lat' dir='ltr'><strong>meae,</strong></span> <span class='ocrx_word' id='word_1_356' title='bbox 773 4498 804 4548; x_wconf 87' lang='lat' dir='ltr'><strong>nt</strong></span> <span class='ocrx_word' id='word_1_357' title='bbox 813 4497 979 4568; x_wconf 85' lang='lat' dir='ltr'><strong>contempler</strong></span> 
     </span>
     <span class='ocr_line' id='line_1_49' title="bbox 123 4555 976 4651; baseline 0.04 -41"><span class='ocrx_word' id='word_1_358' title='bbox 123 4555 333 4618; x_wconf 79' lang='lat' dir='ltr'><strong>delectationem</strong></span> <span class='ocrx_word' id='word_1_359' title='bbox 347 4565 533 4628; x_wconf 87' lang='lat' dir='ltr'><strong>Domini.Neli</strong></span> <span class='ocrx_word' id='word_1_360' title='bbox 547 4573 649 4633; x_wconf 89' lang='lat' dir='ltr'><strong>timere</strong></span> <span class='ocrx_word' id='word_1_361' title='bbox 661 4580 824 4651; x_wconf 83' lang='lat' dir='ltr'><strong>neieetidio</strong></span> <span class='ocrx_word' id='word_1_362' title='bbox 833 4584 952 4643; x_wconf 83' lang='lat' dir='ltr'><strong>delicias</strong></span> <span class='ocrx_word' id='word_1_363' title='bbox 968 4603 976 4642; x_wconf 72' lang='grc' dir='ltr'>ε</span> 
     </span>
     <span class='ocr_line' id='line_1_50' title="bbox 123 4647 977 4748; baseline 0.039 -47"><span class='ocrx_word' id='word_1_364' title='bbox 123 4647 190 4704; x_wconf 81' lang='lat' dir='ltr'><strong>talis</strong></span> <span class='ocrx_word' id='word_1_365' title='bbox 203 4650 900 4748; x_wconf 89' lang='lat' dir='ltr'><strong>eritiiledelectatiopulchritudinis,utsemper</strong></span> <span class='ocrx_word' id='word_1_366' title='bbox 924 4677 977 4734; x_wconf 90' lang='lat' dir='ltr'><strong>tibi</strong></span> 
     </span>
     <span class='ocr_line' id='line_1_51' title="bbox 123 4740 976 4836; baseline 0.041 -46"><span class='ocrx_word' id='word_1_367' title='bbox 123 4753 251 4808; x_wconf 72' lang='lat' dir='ltr'><strong>presens</strong></span> <span class='ocrx_word' id='word_1_368' title='bbox 262 4740 311 4812; x_wconf 89' lang='lat' dir='ltr'><strong>eit,</strong></span> <span class='ocrx_word' id='word_1_369' title='bbox 323 4748 510 4823; x_wconf 89' lang='lat' dir='ltr'><strong>etnunqunm</strong></span> <span class='ocrx_word' id='word_1_370' title='bbox 531 4756 664 4828; x_wconf 62' lang='lat' dir='ltr'><strong>eniienim</strong></span> <span class='ocrx_word' id='word_1_371' title='bbox 686 4761 743 4818; x_wconf 91' lang='lat' dir='ltr'><strong>imo</strong></span> <span class='ocrx_word' id='word_1_372' title='bbox 760 4779 873 4836; x_wconf 89' lang='lat' dir='ltr'><strong>semper</strong></span> <span class='ocrx_word' id='word_1_373' title='bbox 888 4766 976 4824; x_wconf 86' lang='lat' dir='ltr'><strong>satie·</strong></span> 
     </span>
     <span class='ocr_line' id='line_1_52' title="bbox 121 4827 975 4925; baseline 0.037 -44"><span class='ocrx_word' id='word_1_374' title='bbox 121 4827 173 4894; x_wconf 90' lang='lat' dir='ltr'><strong>ris,</strong></span> <span class='ocrx_word' id='word_1_375' title='bbox 188 4833 218 4885; x_wconf 85' lang='lat' dir='ltr'><strong>et</strong></span> <span class='ocrx_word' id='word_1_376' title='bbox 234 4847 383 4905; x_wconf 84' lang='lat' dir='ltr'><strong>nunquam</strong></span> <span class='ocrx_word' id='word_1_377' title='bbox 400 4841 527 4899; x_wconf 84' lang='lat' dir='ltr'><strong>satieris.</strong></span> <span class='ocrx_word' id='word_1_378' title='bbox 544 4845 572 4901; x_wconf 92' lang='lat' dir='ltr'><strong>Si</strong></span> <span class='ocrx_word' id='word_1_379' title='bbox 598 4848 677 4905; x_wconf 88' lang='lat' dir='ltr'><strong>eninr</strong></span> <span class='ocrx_word' id='word_1_380' title='bbox 701 4850 798 4910; x_wconf 81' lang='lat' dir='ltr'><strong>dixero</strong></span> <span class='ocrx_word' id='word_1_381' title='bbox 821 4854 890 4925; x_wconf 87' lang='lat' dir='ltr'><strong>quis</strong></span> <span class='ocrx_word' id='word_1_382' title='bbox 916 4870 975 4914; x_wconf 90' lang='lat' dir='ltr'><strong>non</strong></span> 
     </span>
     <span class='ocr_line' id='line_1_53' title="bbox 120 4918 975 5014; baseline 0.035 -44"><span class='ocrx_word' id='word_1_383' title='bbox 120 4918 286 4991; x_wconf 79' lang='lat' dir='ltr'><strong>satiaberis,</strong></span> <span class='ocrx_word' id='word_1_384' title='bbox 297 4923 388 4982; x_wconf 81' lang='lat' dir='ltr'><strong>temes</strong></span> <span class='ocrx_word' id='word_1_385' title='bbox 403 4930 475 4999; x_wconf 85' lang='lat' dir='ltr'><strong>erit;</strong></span> <span class='ocrx_word' id='word_1_386' title='bbox 496 4933 520 4988; x_wconf 90' lang='lat' dir='ltr'><strong>si</strong></span> <span class='ocrx_word' id='word_1_387' title='bbox 541 4935 639 4994; x_wconf 81' lang='lat' dir='ltr'><strong>dixero</strong></span> <span class='ocrx_word' id='word_1_388' title='bbox 659 4939 731 5012; x_wconf 85' lang='lat' dir='ltr'><strong>quia</strong></span> <span class='ocrx_word' id='word_1_389' title='bbox 749 4942 914 5014; x_wconf 85' lang='lat' dir='ltr'><strong>satiaberis,</strong></span> <span class='ocrx_word' id='word_1_390' title='bbox 931 4945 944 4999; x_wconf 87' lang='lat' dir='ltr'><strong>l</strong></span> <span class='ocrx_word' id='word_1_391' title='bbox 959 4976 975 4989; x_wconf 95' lang='lat'>-</span> 
     </span>
     <span class='ocr_line' id='line_1_54' title="bbox 120 5006 973 5104; baseline 0.041 -45"><span class='ocrx_word' id='word_1_392' title='bbox 120 5006 240 5063; x_wconf 89' lang='lat' dir='ltr'><strong>etidium</strong></span> <span class='ocrx_word' id='word_1_393' title='bbox 258 5010 345 5070; x_wconf 91' lang='lat' dir='ltr'><strong>timeo</strong></span> <span class='ocrx_word' id='word_1_394' title='bbox 363 5031 370 5070; x_wconf 93' lang='lat'><strong>:</strong></span> <span class='ocrx_word' id='word_1_395' title='bbox 387 5017 436 5074; x_wconf 90' lang='lat' dir='ltr'><strong>ubi</strong></span> <span class='ocrx_word' id='word_1_396' title='bbox 452 5037 503 5078; x_wconf 84' lang='lat' dir='ltr'><strong>nec</strong></span> <span class='ocrx_word' id='word_1_397' title='bbox 524 5024 675 5085; x_wconf 80' lang='lat' dir='ltr'><strong>fastidium</strong></span> <span class='ocrx_word' id='word_1_398' title='bbox 699 5030 763 5101; x_wconf 88' lang='lat' dir='ltr'><strong>erit,</strong></span> <span class='ocrx_word' id='word_1_399' title='bbox 789 5049 841 5090; x_wconf 88' lang='lat' dir='ltr'><strong>nec</strong></span> <span class='ocrx_word' id='word_1_400' title='bbox 870 5035 973 5104; x_wconf 86' lang='lat' dir='ltr'><strong>tames,</strong></span> 
     </span>
     <span class='ocr_line' id='line_1_55' title="bbox 120 5096 974 5193; baseline 0.039 -42"><span class='ocrx_word' id='word_1_401' title='bbox 120 5096 188 5167; x_wconf 90' lang='lat' dir='ltr'><strong>quid</strong></span> <span class='ocrx_word' id='word_1_402' title='bbox 210 5099 302 5158; x_wconf 88' lang='lat' dir='ltr'><strong>diram</strong></span> <span class='ocrx_word' id='word_1_403' title='bbox 330 5108 507 5177; x_wconf 84' lang='lat' dir='ltr'><strong>nescio;sed</strong></span> <span class='ocrx_word' id='word_1_404' title='bbox 533 5116 606 5174; x_wconf 85' lang='lat' dir='ltr'><strong>Deus</strong></span> <span class='ocrx_word' id='word_1_405' title='bbox 628 5117 716 5178; x_wconf 86' lang='lat' dir='ltr'><strong>babet</strong></span> <span class='ocrx_word' id='word_1_406' title='bbox 741 5124 817 5193; x_wconf 92' lang='lat' dir='ltr'><strong>quod</strong></span> <span class='ocrx_word' id='word_1_407' title='bbox 840 5125 974 5183; x_wconf 86' lang='lat' dir='ltr'><strong>exhibeat</strong></span> 
     </span>
    </p>
   </div>
   <div class='ocr_carea' id='block_1_3' title="bbox 118 5189 972 5357">
    <p class='ocr_par' dir='ltr' id='par_1_4' title="bbox 118 5189 972 5357">
     <span class='ocr_line' id='line_1_56' title="bbox 118 5189 972 5274; baseline 0.04 -34"><span class='ocrx_word' id='word_1_408' title='bbox 118 5201 175 5241; x_wconf 91' lang='lat' dir='ltr'><strong>non</strong></span> <span class='ocrx_word' id='word_1_409' title='bbox 192 5189 409 5255; x_wconf 84' lang='lat' dir='ltr'><strong>invenientibus</strong></span> <span class='ocrx_word' id='word_1_410' title='bbox 438 5206 580 5272; x_wconf 72' lang='lat' dir='ltr'><strong>«quomodo</strong></span> <span class='ocrx_word' id='word_1_411' title='bbox 602 5209 710 5272; x_wconf 82' lang='lat' dir='ltr'><strong>dicent,</strong></span> <span class='ocrx_word' id='word_1_412' title='bbox 733 5217 763 5269; x_wconf 92' lang='lat' dir='ltr'><strong>et</strong></span> <span class='ocrx_word' id='word_1_413' title='bbox 786 5215 972 5274; x_wconf 88' lang='lat' dir='ltr'><strong>credentibus</strong></span> 
     </span>
     <span class='ocr_line' id='line_1_57' title="bbox 118 5282 365 5357; baseline 0.057 -24"><span class='ocrx_word' id='word_1_414' title='bbox 118 5282 193 5349; x_wconf 90' lang='lat' dir='ltr'><strong>quod</strong></span> <span class='ocrx_word' id='word_1_415' title='bbox 210 5285 365 5357; x_wconf 85' lang='lat' dir='ltr'><strong>accipiant.</strong></span> 
     </span>
    </p>
   </div>
   <div class='ocr_carea' id='block_1_4' title="bbox 147 5508 840 5652">
    <p class='ocr_par' dir='ltr' id='par_1_5' title="bbox 147 5508 840 5652">
     <span class='ocr_line' id='line_1_58' title="bbox 148 5508 840 5586; baseline 0.039 -27"><span class='ocrx_word' id='word_1_416' title='bbox 148 5511 156 5545; x_wconf 95' lang='lat'>¹</span> <span class='ocrx_word' id='word_1_417' title='bbox 172 5508 254 5569; x_wconf 78' lang='lat' dir='ltr'><strong>Editi.</strong></span> <span class='ocrx_word' id='word_1_418' title='bbox 269 5516 398 5571; x_wconf 78' lang='lat' dir='ltr'><strong>ornatius.</strong></span> <span class='ocrx_word' id='word_1_419' title='bbox 414 5518 465 5571; x_wconf 83' lang='lat' dir='ltr'><strong>Sed</strong></span> <span class='ocrx_word' id='word_1_420' title='bbox 483 5520 578 5573; x_wconf 86' lang='lat' dir='ltr'><strong>mellus</strong></span> <span class='ocrx_word' id='word_1_421' title='bbox 593 5524 665 5585; x_wconf 78' lang='lat' dir='ltr'><strong>llas..</strong></span> <span class='ocrx_word' id='word_1_422' title='bbox 680 5529 840 5586; x_wconf 81' lang='lat' dir='ltr'><strong>ordinatim.</strong></span> 
     </span>
     <span class='ocr_line' id='line_1_59' title="bbox 147 5571 678 5652; baseline 0.032 -29"><span class='ocrx_word' id='word_1_423' title='bbox 147 5571 158 5606; x_wconf 82' lang='lat'>²</span> <span class='ocrx_word' id='word_1_424' title='bbox 173 5571 223 5625; x_wconf 82' lang='lat' dir='ltr'><strong>lde.</strong></span> <span class='ocrx_word' id='word_1_425' title='bbox 241 5575 438 5642; x_wconf 80' lang='lat' dir='ltr'><strong>Germaueneie.</strong></span> <span class='ocrx_word' id='word_1_426' title='bbox 453 5597 509 5636; x_wconf 85' lang='lat' dir='ltr'><strong>non</strong></span> <span class='ocrx_word' id='word_1_427' title='bbox 521 5589 678 5652; x_wconf 71' lang='lat' dir='ltr'><strong>pertinebas.</strong></span> 
     </span>
    </p>
   </div>
   <div class='ocr_carea' id='block_1_5' title="bbox 783 216 1282 301">
    <p class='ocr_par' dir='ltr' id='par_1_6' title="bbox 783 216 1282 301">
     <span class='ocr_line' id='line_1_60' title="bbox 783 216 1282 301; baseline 0.036 -19"><span class='ocrx_word' id='word_1_428' title='bbox 783 216 1015 294; x_wconf 72' lang='lat' dir='ltr'><strong>tencteros</strong></span> <span class='ocrx_word' id='word_1_429' title='bbox 1038 228 1088 295; x_wconf 74' lang='grc' dir='ltr'><strong>Ν.</strong></span> <span class='ocrx_word' id='word_1_430' title='bbox 1110 232 1238 301; x_wconf 72' lang='lat' dir='ltr'><strong>eleut·</strong></span> <span class='ocrx_word' id='word_1_431' title='bbox 1258 234 1282 300; x_wconf 93' lang='lat' dir='ltr'><strong>l.</strong></span> 
     </span>
    </p>
   </div>
   <div class='ocr_carea' id='block_1_6' title="bbox 1790 242 1911 315">
    <p class='ocr_par' dir='ltr' id='par_1_7' title="bbox 1790 242 1911 315">
     <span class='ocr_line' id='line_1_61' title="bbox 1790 242 1911 315; baseline 0.066 -7"><span class='ocrx_word' id='word_1_432' title='bbox 1790 242 1911 315; x_wconf 71' lang='lat' dir='ltr'><strong>-lloe</strong></span> 
     </span>
    </p>
   </div>
   <div class='ocr_carea' id='block_1_7' title="bbox 1338 375 1617 434">
    <p class='ocr_par' dir='ltr' id='par_1_8' title="bbox 1338 375 1617 434">
     <span class='ocr_line' id='line_1_62' title="bbox 1338 375 1617 434; baseline 0 -2"><span class='ocrx_word' id='word_1_433' title='bbox 1338 375 1550 434; x_wconf 68' lang='lat' dir='ltr'><strong>annotatus</strong></span> <span class='ocrx_word' id='word_1_434' title='bbox 1572 378 1617 434; x_wconf 85' lang='lat' dir='ltr'><strong>lV.</strong></span> 
     </span>
    </p>
   </div>
   <div class='ocr_carea' id='block_1_8' title="bbox 1055 479 1908 829">
    <p class='ocr_par' dir='ltr' id='par_1_9' title="bbox 1055 479 1908 829">
     <span class='ocr_line' id='line_1_63' title="bbox 1055 479 1905 554; baseline 0.018 -21"><span class='ocrx_word' id='word_1_435' title='bbox 1055 479 1092 534; x_wconf 80' lang='lat' dir='ltr'><strong>lt</strong></span> <span class='ocrx_word' id='word_1_436' title='bbox 1107 496 1136 537; x_wconf 87' lang='lat' dir='ltr'><strong>eo</strong></span> <span class='ocrx_word' id='word_1_437' title='bbox 1147 482 1218 553; x_wconf 86' lang='lat' dir='ltr'><strong>qnod</strong></span> <span class='ocrx_word' id='word_1_438' title='bbox 1230 485 1363 554; x_wconf 74' lang='lat' dir='ltr'><strong>seriptum</strong></span> <span class='ocrx_word' id='word_1_439' title='bbox 1375 490 1424 554; x_wconf 85' lang='lat' dir='ltr'><strong>eet,</strong></span> <span class='ocrx_word' id='word_1_440' title='bbox 1440 486 1473 540; x_wconf 82' lang='lat' dir='ltr'><strong>tn</strong></span> <span class='ocrx_word' id='word_1_441' title='bbox 1484 484 1538 542; x_wconf 92' lang='lat' dir='ltr'><strong>hoc</strong></span> <span class='ocrx_word' id='word_1_442' title='bbox 1548 489 1592 542; x_wconf 87' lang='lat' dir='ltr'><strong>eet</strong></span> <span class='ocrx_word' id='word_1_443' title='bbox 1603 487 1905 547; x_wconf 83' lang='lat' dir='ltr'><strong>testimouiumioan-</strong></span> 
     </span>
     <span class='ocr_line' id='line_1_64' title="bbox 1091 572 1908 649; baseline 0.016 -23"><span class='ocrx_word' id='word_1_444' title='bbox 1091 572 1908 649; x_wconf 80' lang='lat' dir='ltr'><strong>uis,quandemiseruntludeiebleroeolymiseacerdo·</strong></span> 
     </span>
     <span class='ocr_line' id='line_1_65' title="bbox 1090 663 1908 742; baseline 0.012 -27"><span class='ocrx_word' id='word_1_445' title='bbox 1090 663 1144 728; x_wconf 88' lang='lat' dir='ltr'><strong>tes,</strong></span> <span class='ocrx_word' id='word_1_446' title='bbox 1160 669 1224 730; x_wconf 70' lang='lat' dir='ltr'><strong>etc„</strong></span> <span class='ocrx_word' id='word_1_447' title='bbox 1241 680 1327 735; x_wconf 87' lang='lat' dir='ltr'><strong>usque</strong></span> <span class='ocrx_word' id='word_1_448' title='bbox 1341 664 1376 720; x_wconf 88' lang='lat' dir='ltr'><strong>ud</strong></span> <span class='ocrx_word' id='word_1_449' title='bbox 1392 665 1428 734; x_wconf 81' lang='lat' dir='ltr'><strong>ivl,</strong></span> <span class='ocrx_word' id='word_1_450' title='bbox 1446 666 1509 738; x_wconf 88' lang='lat' dir='ltr'><strong>lpse</strong></span> <span class='ocrx_word' id='word_1_451' title='bbox 1525 667 1631 739; x_wconf 81' lang='lat' dir='ltr'><strong>estqui</strong></span> <span class='ocrx_word' id='word_1_452' title='bbox 1646 666 1774 740; x_wconf 86' lang='lat' dir='ltr'><strong>baptizet</strong></span> <span class='ocrx_word' id='word_1_453' title='bbox 1789 669 1819 724; x_wconf 93' lang='lat' dir='ltr'><strong>in</strong></span> <span class='ocrx_word' id='word_1_454' title='bbox 1837 668 1908 742; x_wconf 84' lang='lat' dir='ltr'><strong>Spi-</strong></span> 
     </span>
     <span class='ocr_line' id='line_1_66' title="bbox 1089 750 1612 829; baseline 0.015 -24"><span class='ocrx_word' id='word_1_455' title='bbox 1089 750 1145 806; x_wconf 90' lang='lat' dir='ltr'><strong>ritu</strong></span> <span class='ocrx_word' id='word_1_456' title='bbox 1161 759 1272 823; x_wconf 90' lang='lat' dir='ltr'><strong>sancto,</strong></span> <span class='ocrx_word' id='word_1_457' title='bbox 1287 760 1338 812; x_wconf 82' lang='lat' dir='ltr'><strong>ete.</strong></span> <span class='ocrx_word' id='word_1_458' title='bbox 1356 755 1420 829; x_wconf 84' lang='lat' dir='ltr'><strong>Cep.</strong></span> <span class='ocrx_word' id='word_1_459' title='bbox 1437 772 1457 822; x_wconf 87' lang='lat' dir='ltr'><strong>r,</strong></span> <span class='ocrx_word' id='word_1_460' title='bbox 1474 758 1501 826; x_wconf 73' lang='lat' dir='ltr'><strong>i.</strong></span> <span class='ocrx_word' id='word_1_461' title='bbox 1519 758 1612 813; x_wconf 75' lang='lat' dir='ltr'><strong>lev-33.</strong></span> 
     </span>
    </p>
   </div>
   <div class='ocr_carea' id='block_1_9' title="bbox 1024 876 1905 5560">
    <p class='ocr_par' dir='ltr' id='par_1_10' title="bbox 1045 876 1905 2197">
     <span class='ocr_line' id='line_1_67' title="bbox 1090 876 1905 956; baseline 0.016 -26"><span class='ocrx_word' id='word_1_462' title='bbox 1090 876 1290 949; x_wconf 82' lang='lat' dir='ltr'><strong>l.Saepissime</strong></span> <span class='ocrx_word' id='word_1_463' title='bbox 1300 881 1409 937; x_wconf 91' lang='lat' dir='ltr'><strong>audivit</strong></span> <span class='ocrx_word' id='word_1_464' title='bbox 1420 882 1566 941; x_wconf 85' lang='lat' dir='ltr'><strong>Sanctitas</strong></span> <span class='ocrx_word' id='word_1_465' title='bbox 1577 888 1718 952; x_wconf 86' lang='lat' dir='ltr'><strong>vestru,et</strong></span> <span class='ocrx_word' id='word_1_466' title='bbox 1729 884 1839 956; x_wconf 91' lang='lat' dir='ltr'><strong>optimo</strong></span> <span class='ocrx_word' id='word_1_467' title='bbox 1849 901 1905 942; x_wconf 91' lang='lat' dir='ltr'><strong>no-</strong></span> 
     </span>
     <span class='ocr_line' id='line_1_68' title="bbox 1051 965 1905 1045; baseline 0.014 -25"><span class='ocrx_word' id='word_1_468' title='bbox 1051 965 1115 1036; x_wconf 86' lang='lat' dir='ltr'><strong>stis,</strong></span> <span class='ocrx_word' id='word_1_469' title='bbox 1124 968 1262 1038; x_wconf 81' lang='lat' dir='ltr'><strong>quoniam</strong></span> <span class='ocrx_word' id='word_1_470' title='bbox 1273 970 1398 1027; x_wconf 86' lang='lat' dir='ltr'><strong>loannes</strong></span> <span class='ocrx_word' id='word_1_471' title='bbox 1409 971 1539 1044; x_wconf 87' lang='lat' dir='ltr'><strong>Baptista</strong></span> <span class='ocrx_word' id='word_1_472' title='bbox 1551 980 1658 1045; x_wconf 90' lang='lat' dir='ltr'><strong>quanto</strong></span> <span class='ocrx_word' id='word_1_473' title='bbox 1670 972 1833 1045; x_wconf 80' lang='lat' dir='ltr'><strong>preclarior</strong></span> <span class='ocrx_word' id='word_1_474' title='bbox 1841 978 1905 1032; x_wconf 86' lang='lat' dir='ltr'><strong>erat</strong></span> 
     </span>
     <span class='ocr_line' id='line_1_69' title="bbox 1050 1052 1904 1135; baseline 0.014 -27"><span class='ocrx_word' id='word_1_475' title='bbox 1050 1052 1081 1109; x_wconf 89' lang='lat' dir='ltr'><strong>iu</strong></span> <span class='ocrx_word' id='word_1_476' title='bbox 1092 1056 1169 1113; x_wconf 81' lang='lat' dir='ltr'><strong>netis</strong></span> <span class='ocrx_word' id='word_1_477' title='bbox 1182 1058 1349 1127; x_wconf 90' lang='lat' dir='ltr'><strong>mulierum,</strong></span> <span class='ocrx_word' id='word_1_478' title='bbox 1361 1065 1389 1116; x_wconf 91' lang='lat' dir='ltr'><strong>et</strong></span> <span class='ocrx_word' id='word_1_479' title='bbox 1399 1064 1509 1133; x_wconf 89' lang='lat' dir='ltr'><strong>quanto</strong></span> <span class='ocrx_word' id='word_1_480' title='bbox 1520 1061 1705 1119; x_wconf 82' lang='lat' dir='ltr'><strong>humiliorad</strong></span> <span class='ocrx_word' id='word_1_481' title='bbox 1721 1078 1904 1135; x_wconf 81' lang='lat' dir='ltr'><strong>cognoscen-</strong></span> 
     </span>
     <span class='ocr_line' id='line_1_70' title="bbox 1050 1142 1901 1226; baseline 0.015 -28"><span class='ocrx_word' id='word_1_482' title='bbox 1050 1142 1121 1200; x_wconf 94' lang='lat' dir='ltr'><strong>dum</strong></span> <span class='ocrx_word' id='word_1_483' title='bbox 1136 1142 1304 1218; x_wconf 88' lang='lat' dir='ltr'><strong>Dominum,</strong></span> <span class='ocrx_word' id='word_1_484' title='bbox 1329 1154 1407 1206; x_wconf 88' lang='lat' dir='ltr'><strong>tento</strong></span> <span class='ocrx_word' id='word_1_485' title='bbox 1429 1152 1535 1208; x_wconf 86' lang='lat' dir='ltr'><strong>meruit</strong></span> <span class='ocrx_word' id='word_1_486' title='bbox 1557 1168 1621 1210; x_wconf 89' lang='lat' dir='ltr'><strong>cese</strong></span> <span class='ocrx_word' id='word_1_487' title='bbox 1644 1152 1757 1211; x_wconf 85' lang='lat' dir='ltr'><strong>amicus</strong></span> <span class='ocrx_word' id='word_1_488' title='bbox 1781 1154 1901 1226; x_wconf 81' lang='lat' dir='ltr'><strong>sponsi;</strong></span> 
     </span>
     <span class='ocr_line' id='line_1_71' title="bbox 1050 1237 1903 1315; baseline 0.013 -26"><span class='ocrx_word' id='word_1_489' title='bbox 1050 1249 1158 1305; x_wconf 90' lang='lat' dir='ltr'><strong>sponso</strong></span> <span class='ocrx_word' id='word_1_490' title='bbox 1174 1237 1283 1309; x_wconf 81' lang='lat' dir='ltr'><strong>zelans,</strong></span> <span class='ocrx_word' id='word_1_491' title='bbox 1296 1255 1355 1296; x_wconf 93' lang='lat' dir='ltr'><strong>non</strong></span> <span class='ocrx_word' id='word_1_492' title='bbox 1371 1241 1443 1311; x_wconf 87' lang='lat' dir='ltr'><strong>sibi;</strong></span> <span class='ocrx_word' id='word_1_493' title='bbox 1462 1258 1518 1298; x_wconf 92' lang='lat' dir='ltr'><strong>non</strong></span> <span class='ocrx_word' id='word_1_494' title='bbox 1541 1258 1629 1298; x_wconf 88' lang='lat' dir='ltr'><strong>suum</strong></span> <span class='ocrx_word' id='word_1_495' title='bbox 1655 1242 1795 1300; x_wconf 92' lang='lat' dir='ltr'><strong>honorem</strong></span> <span class='ocrx_word' id='word_1_496' title='bbox 1820 1259 1903 1315; x_wconf 80' lang='lat' dir='ltr'><strong>que-</strong></span> 
     </span>
     <span class='ocr_line' id='line_1_72' title="bbox 1050 1327 1900 1405; baseline 0.014 -27"><span class='ocrx_word' id='word_1_497' title='bbox 1050 1339 1127 1395; x_wconf 90' lang='lat' dir='ltr'><strong>rens,</strong></span> <span class='ocrx_word' id='word_1_498' title='bbox 1140 1327 1307 1399; x_wconf 83' lang='lat' dir='ltr'><strong>scdjudicis</strong></span> <span class='ocrx_word' id='word_1_499' title='bbox 1322 1328 1473 1402; x_wconf 63' lang='lat' dir='ltr'><strong>cuiquem</strong></span> <span class='ocrx_word' id='word_1_500' title='bbox 1492 1340 1633 1404; x_wconf 87' lang='lat' dir='ltr'><strong>tanquam</strong></span> <span class='ocrx_word' id='word_1_501' title='bbox 1655 1348 1746 1404; x_wconf 75' lang='lat' dir='ltr'><strong>preco</strong></span> <span class='ocrx_word' id='word_1_502' title='bbox 1765 1333 1900 1405; x_wconf 81' lang='lat' dir='ltr'><strong>preibat.</strong></span> 
     </span>
     <span class='ocr_line' id='line_1_73' title="bbox 1050 1412 1902 1493; baseline 0.011 -25"><span class='ocrx_word' id='word_1_503' title='bbox 1050 1412 1149 1485; x_wconf 92' lang='lat' dir='ltr'><strong>ltaque</strong></span> <span class='ocrx_word' id='word_1_504' title='bbox 1158 1415 1309 1489; x_wconf 82' lang='lat' dir='ltr'><strong>Prophetis</strong></span> <span class='ocrx_word' id='word_1_505' title='bbox 1322 1420 1551 1490; x_wconf 77' lang='lat' dir='ltr'><strong>praecedentibus</strong></span> <span class='ocrx_word' id='word_1_506' title='bbox 1566 1421 1761 1493; x_wconf 72' lang='lat' dir='ltr'><strong>pronuntiare</strong></span> <span class='ocrx_word' id='word_1_507' title='bbox 1772 1424 1807 1477; x_wconf 92' lang='lat' dir='ltr'><strong>de</strong></span> <span class='ocrx_word' id='word_1_508' title='bbox 1818 1420 1902 1478; x_wconf 84' lang='lat' dir='ltr'><strong>Chri-</strong></span> 
     </span>
     <span class='ocr_line' id='line_1_74' title="bbox 1048 1504 1899 1583; baseline 0.009 -25"><span class='ocrx_word' id='word_1_509' title='bbox 1048 1509 1093 1559; x_wconf 92' lang='lat' dir='ltr'><strong>sto</strong></span> <span class='ocrx_word' id='word_1_510' title='bbox 1109 1504 1205 1561; x_wconf 86' lang='lat' dir='ltr'><strong>lutura</strong></span> <span class='ocrx_word' id='word_1_511' title='bbox 1219 1522 1387 1566; x_wconf 89' lang='lat' dir='ltr'><strong>concessum</strong></span> <span class='ocrx_word' id='word_1_512' title='bbox 1404 1515 1466 1579; x_wconf 88' lang='lat' dir='ltr'><strong>eet;</strong></span> <span class='ocrx_word' id='word_1_513' title='bbox 1484 1510 1551 1567; x_wconf 93' lang='lat' dir='ltr'><strong>hnic</strong></span> <span class='ocrx_word' id='word_1_514' title='bbox 1567 1516 1664 1567; x_wconf 88' lang='lat' dir='ltr'><strong>autem</strong></span> <span class='ocrx_word' id='word_1_515' title='bbox 1683 1510 1776 1583; x_wconf 77' lang='lat' dir='ltr'><strong>digito</strong></span> <span class='ocrx_word' id='word_1_516' title='bbox 1800 1516 1899 1568; x_wconf 90' lang='lat' dir='ltr'><strong>oeten·</strong></span> 
     </span>
     <span class='ocr_line' id='line_1_75' title="bbox 1048 1593 1899 1677; baseline 0.012 -30"><span class='ocrx_word' id='word_1_517' title='bbox 1048 1593 1125 1650; x_wconf 87' lang='lat' dir='ltr'><strong>dere.</strong></span> <span class='ocrx_word' id='word_1_518' title='bbox 1141 1595 1222 1651; x_wconf 82' lang='lat' dir='ltr'><strong>Sicut</strong></span> <span class='ocrx_word' id='word_1_519' title='bbox 1245 1598 1322 1654; x_wconf 89' lang='lat' dir='ltr'><strong>enim</strong></span> <span class='ocrx_word' id='word_1_520' title='bbox 1348 1598 1538 1670; x_wconf 78' lang='lat' dir='ltr'><strong>ignorabatur</strong></span> <span class='ocrx_word' id='word_1_521' title='bbox 1560 1600 1696 1658; x_wconf 87' lang='lat' dir='ltr'><strong>Christus</strong></span> <span class='ocrx_word' id='word_1_522' title='bbox 1718 1599 1754 1677; x_wconf 85' lang='lat' dir='ltr'><strong>ab</strong></span> <span class='ocrx_word' id='word_1_523' title='bbox 1778 1599 1826 1657; x_wconf 82' lang='lat' dir='ltr'><strong>bie</strong></span> <span class='ocrx_word' id='word_1_524' title='bbox 1846 1599 1899 1672; x_wconf 81' lang='lat' dir='ltr'><strong>qul</strong></span> 
     </span>
     <span class='ocr_line' id='line_1_76' title="bbox 1050 1685 1899 1763; baseline 0.009 -24"><span class='ocrx_word' id='word_1_525' title='bbox 1050 1685 1200 1757; x_wconf 85' lang='lat' dir='ltr'><strong>Prophetis</strong></span> <span class='ocrx_word' id='word_1_526' title='bbox 1210 1703 1267 1743; x_wconf 90' lang='lat' dir='ltr'><strong>non</strong></span> <span class='ocrx_word' id='word_1_527' title='bbox 1280 1686 1466 1745; x_wconf 89' lang='lat' dir='ltr'><strong>erediderunt</strong></span> <span class='ocrx_word' id='word_1_528' title='bbox 1480 1694 1635 1763; x_wconf 87' lang='lat' dir='ltr'><strong>antequam</strong></span> <span class='ocrx_word' id='word_1_529' title='bbox 1660 1690 1781 1758; x_wconf 85' lang='lat' dir='ltr'><strong>veniret,</strong></span> <span class='ocrx_word' id='word_1_530' title='bbox 1798 1690 1841 1747; x_wconf 89' lang='lat' dir='ltr'><strong>sio</strong></span> <span class='ocrx_word' id='word_1_531' title='bbox 1861 1690 1899 1747; x_wconf 79' lang='lat' dir='ltr'><strong>ab</strong></span> 
     </span>
     <span class='ocr_line' id='line_1_77' title="bbox 1047 1773 1899 1851; baseline 0.009 -22"><span class='ocrx_word' id='word_1_532' title='bbox 1047 1774 1089 1830; x_wconf 87' lang='lat' dir='ltr'><strong>ais</strong></span> <span class='ocrx_word' id='word_1_533' title='bbox 1104 1773 1293 1847; x_wconf 86' lang='lat' dir='ltr'><strong>ignorabatur</strong></span> <span class='ocrx_word' id='word_1_534' title='bbox 1307 1784 1335 1835; x_wconf 89' lang='lat' dir='ltr'><strong>et</strong></span> <span class='ocrx_word' id='word_1_535' title='bbox 1349 1795 1488 1851; x_wconf 82' lang='lat' dir='ltr'><strong>presens.</strong></span> <span class='ocrx_word' id='word_1_536' title='bbox 1505 1779 1629 1837; x_wconf 82' lang='lat' dir='ltr'><strong>Venerat</strong></span> <span class='ocrx_word' id='word_1_537' title='bbox 1647 1779 1726 1837; x_wconf 92' lang='lat' dir='ltr'><strong>euim</strong></span> <span class='ocrx_word' id='word_1_538' title='bbox 1747 1780 1899 1837; x_wconf 89' lang='lat' dir='ltr'><strong>humiliter</strong></span> 
     </span>
     <span class='ocr_line' id='line_1_78' title="bbox 1047 1863 1895 1972; baseline 0.008 -52"><span class='ocrx_word' id='word_1_539' title='bbox 1047 1863 1139 1936; x_wconf 91' lang='lat' dir='ltr'><strong>primo</strong></span> <span class='ocrx_word' id='word_1_540' title='bbox 1150 1871 1178 1923; x_wconf 91' lang='lat' dir='ltr'><strong>et</strong></span> <span class='ocrx_word' id='word_1_541' title='bbox 1188 1867 1337 1939; x_wconf 89' lang='lat' dir='ltr'><strong>occultue;</strong></span> <span class='ocrx_word' id='word_1_542' title='bbox 1352 1872 1433 1925; x_wconf 91' lang='lat' dir='ltr'><strong>tanto</strong></span> <span class='ocrx_word' id='word_1_543' title='bbox 1449 1870 1601 1939; x_wconf 81' lang='lat' dir='ltr'><strong>ocetrltior,</strong></span> <span class='ocrx_word' id='word_1_544' title='bbox 1616 1874 1724 1943; x_wconf 91' lang='lat' dir='ltr'><strong>quanto</strong></span> <span class='ocrx_word' id='word_1_545' title='bbox 1736 1868 1895 1972; x_wconf 71' lang='lat' dir='ltr'><strong>humilior:</strong></span> 
     </span>
     <span class='ocr_line' id='line_1_79' title="bbox 1047 1956 1896 2033; baseline 0.004 -21"><span class='ocrx_word' id='word_1_546' title='bbox 1047 1956 1145 2028; x_wconf 92' lang='lat' dir='ltr'><strong>populi</strong></span> <span class='ocrx_word' id='word_1_547' title='bbox 1154 1960 1251 2013; x_wconf 87' lang='lat' dir='ltr'><strong>autem</strong></span> <span class='ocrx_word' id='word_1_548' title='bbox 1262 1968 1431 2029; x_wconf 81' lang='lat' dir='ltr'><strong>spernentes</strong></span> <span class='ocrx_word' id='word_1_549' title='bbox 1442 1975 1493 2031; x_wconf 91' lang='lat' dir='ltr'><strong>per</strong></span> <span class='ocrx_word' id='word_1_550' title='bbox 1502 1960 1671 2033; x_wconf 86' lang='lat' dir='ltr'><strong>superbiam</strong></span> <span class='ocrx_word' id='word_1_551' title='bbox 1682 1976 1765 2017; x_wconf 82' lang='lat' dir='ltr'><strong>suam</strong></span> <span class='ocrx_word' id='word_1_552' title='bbox 1778 1959 1896 2017; x_wconf 81' lang='lat' dir='ltr'><strong>humeli-</strong></span> 
     </span>
     <span class='ocr_line' id='line_1_80' title="bbox 1046 2047 1897 2119; baseline 0.008 -18"><span class='ocrx_word' id='word_1_553' title='bbox 1046 2050 1134 2102; x_wconf 88' lang='lat' dir='ltr'><strong>tatem</strong></span> <span class='ocrx_word' id='word_1_554' title='bbox 1148 2047 1209 2117; x_wconf 92' lang='lat' dir='ltr'><strong>Dei,</strong></span> <span class='ocrx_word' id='word_1_555' title='bbox 1225 2049 1433 2106; x_wconf 80' lang='lat' dir='ltr'><strong>oruoillseruut</strong></span> <span class='ocrx_word' id='word_1_556' title='bbox 1451 2049 1629 2107; x_wconf 87' lang='lat' dir='ltr'><strong>Salvatorem</strong></span> <span class='ocrx_word' id='word_1_557' title='bbox 1654 2066 1752 2119; x_wconf 88' lang='lat' dir='ltr'><strong>eoum,</strong></span> <span class='ocrx_word' id='word_1_558' title='bbox 1767 2053 1795 2106; x_wconf 90' lang='lat' dir='ltr'><strong>et</strong></span> <span class='ocrx_word' id='word_1_559' title='bbox 1819 2049 1897 2108; x_wconf 89' lang='lat' dir='ltr'><strong>leue·</strong></span> 
     </span>
     <span class='ocr_line' id='line_1_81' title="bbox 1045 2139 1444 2197; baseline 0.015 -5"><span class='ocrx_word' id='word_1_560' title='bbox 1045 2142 1114 2193; x_wconf 91' lang='lat' dir='ltr'><strong>runt</strong></span> <span class='ocrx_word' id='word_1_561' title='bbox 1129 2139 1329 2197; x_wconf 83' lang='lat' dir='ltr'><strong>demostenem</strong></span> <span class='ocrx_word' id='word_1_562' title='bbox 1346 2156 1444 2197; x_wconf 85' lang='lat' dir='ltr'><strong>suum.</strong></span> 
     </span>
    </p>

    <p class='ocr_par' dir='ltr' id='par_1_11' title="bbox 1032 2227 1897 4829">
     <span class='ocr_line' id='line_1_82' title="bbox 1079 2227 1895 2304; baseline 0.007 -21"><span class='ocrx_word' id='word_1_563' title='bbox 1079 2227 1106 2282; x_wconf 83' lang='lat'><strong>2.</strong></span> <span class='ocrx_word' id='word_1_564' title='bbox 1123 2227 1178 2284; x_wconf 84' lang='lat' dir='ltr'><strong>Sed</strong></span> <span class='ocrx_word' id='word_1_565' title='bbox 1194 2229 1243 2301; x_wconf 91' lang='lat' dir='ltr'><strong>qui</strong></span> <span class='ocrx_word' id='word_1_566' title='bbox 1265 2229 1360 2301; x_wconf 92' lang='lat' dir='ltr'><strong>primo</strong></span> <span class='ocrx_word' id='word_1_567' title='bbox 1375 2232 1453 2288; x_wconf 84' lang='lat' dir='ltr'><strong>venit</strong></span> <span class='ocrx_word' id='word_1_568' title='bbox 1467 2231 1608 2299; x_wconf 88' lang='lat' dir='ltr'><strong>oceultus,</strong></span> <span class='ocrx_word' id='word_1_569' title='bbox 1619 2231 1688 2304; x_wconf 85' lang='lat' dir='ltr'><strong>quie</strong></span> <span class='ocrx_word' id='word_1_570' title='bbox 1706 2231 1783 2287; x_wconf 84' lang='lat' dir='ltr'><strong>venit</strong></span> <span class='ocrx_word' id='word_1_571' title='bbox 1798 2231 1895 2289; x_wconf 88' lang='lat' dir='ltr'><strong>humi-</strong></span> 
     </span>
     <span class='ocr_line' id='line_1_83' title="bbox 1043 2316 1896 2392; baseline 0.008 -20"><span class='ocrx_word' id='word_1_572' title='bbox 1043 2316 1090 2385; x_wconf 90' lang='lat' dir='ltr'><strong>lis,</strong></span> <span class='ocrx_word' id='word_1_573' title='bbox 1107 2320 1249 2390; x_wconf 88' lang='lat' dir='ltr'><strong>numquid</strong></span> <span class='ocrx_word' id='word_1_574' title='bbox 1266 2319 1402 2392; x_wconf 78' lang='lat' dir='ltr'><strong>deinceps</strong></span> <span class='ocrx_word' id='word_1_575' title='bbox 1418 2338 1476 2378; x_wconf 92' lang='lat' dir='ltr'><strong>non</strong></span> <span class='ocrx_word' id='word_1_576' title='bbox 1489 2328 1532 2378; x_wconf 88' lang='lat' dir='ltr'><strong>est</strong></span> <span class='ocrx_word' id='word_1_577' title='bbox 1552 2327 1690 2379; x_wconf 81' lang='lat' dir='ltr'><strong>venturus</strong></span> <span class='ocrx_word' id='word_1_578' title='bbox 1712 2321 1896 2392; x_wconf 79' lang='lat' dir='ltr'><strong>manifestus,</strong></span> 
     </span>
     <span class='ocr_line' id='line_1_84' title="bbox 1043 2406 1896 2479; baseline 0.007 -16"><span class='ocrx_word' id='word_1_579' title='bbox 1043 2406 1112 2479; x_wconf 87' lang='lat' dir='ltr'><strong>quie</strong></span> <span class='ocrx_word' id='word_1_580' title='bbox 1129 2407 1286 2465; x_wconf 75' lang='lat' dir='ltr'><strong>excelsus?</strong></span> <span class='ocrx_word' id='word_1_581' title='bbox 1307 2410 1437 2467; x_wconf 82' lang='lat' dir='ltr'><strong>Audistis</strong></span> <span class='ocrx_word' id='word_1_582' title='bbox 1459 2412 1543 2468; x_wconf 93' lang='lat' dir='ltr'><strong>modo</strong></span> <span class='ocrx_word' id='word_1_583' title='bbox 1566 2409 1713 2468; x_wconf 86' lang='lat' dir='ltr'><strong>Psalmum</strong></span> <span class='ocrx_word' id='word_1_584' title='bbox 1731 2425 1738 2467; x_wconf 90' lang='lat'>:</span> <span class='ocrx_word' id='word_1_585' title='bbox 1755 2410 1825 2467; x_wconf 83' lang='lat' dir='ltr'><strong>Dece</strong></span> <span class='ocrx_word' id='word_1_586' title='bbox 1838 2426 1896 2469; x_wconf 85' lang='lat' dir='ltr'><strong>me·</strong></span> 
     </span>
     <span class='ocr_line' id='line_1_85' title="bbox 1042 2495 1896 2573; baseline 0.007 -22"><span class='ocrx_word' id='word_1_587' title='bbox 1042 2495 1163 2571; x_wconf 70' lang='lat' dir='ltr'><strong>niscatur</strong></span> <span class='ocrx_word' id='word_1_588' title='bbox 1178 2499 1279 2571; x_wconf 77' lang='lat' dir='ltr'><strong>venriet,</strong></span> <span class='ocrx_word' id='word_1_589' title='bbox 1296 2500 1367 2556; x_wconf 89' lang='lat' dir='ltr'><strong>Dem</strong></span> <span class='ocrx_word' id='word_1_590' title='bbox 1377 2505 1508 2558; x_wconf 79' lang='lat' dir='ltr'><strong>necteret</strong></span> <span class='ocrx_word' id='word_1_591' title='bbox 1526 2517 1582 2557; x_wconf 90' lang='lat' dir='ltr'><strong>non</strong></span> <span class='ocrx_word' id='word_1_592' title='bbox 1595 2499 1698 2557; x_wconf 79' lang='lat' dir='ltr'><strong>silebit.</strong></span> <span class='ocrx_word' id='word_1_593' title='bbox 1712 2498 1799 2557; x_wconf 88' lang='lat' dir='ltr'><strong>Siluit</strong></span> <span class='ocrx_word' id='word_1_594' title='bbox 1808 2499 1896 2573; x_wconf 75' lang='lat' dir='ltr'><strong>utiu-</strong></span> 
     </span>
     <span class='ocr_line' id='line_1_86' title="bbox 1043 2585 1895 2662; baseline 0.008 -21"><span class='ocrx_word' id='word_1_595' title='bbox 1043 2585 1200 2656; x_wconf 90' lang='lat' dir='ltr'><strong>dicaretur,</strong></span> <span class='ocrx_word' id='word_1_596' title='bbox 1222 2604 1281 2645; x_wconf 92' lang='lat' dir='ltr'><strong>non</strong></span> <span class='ocrx_word' id='word_1_597' title='bbox 1304 2589 1401 2646; x_wconf 84' lang='lat' dir='ltr'><strong>silebit</strong></span> <span class='ocrx_word' id='word_1_598' title='bbox 1424 2605 1492 2646; x_wconf 92' lang='lat' dir='ltr'><strong>cum</strong></span> <span class='ocrx_word' id='word_1_599' title='bbox 1521 2590 1641 2662; x_wconf 77' lang='lat' dir='ltr'><strong>eruperit</strong></span> <span class='ocrx_word' id='word_1_600' title='bbox 1665 2589 1806 2661; x_wconf 84' lang='lat' dir='ltr'><strong>judicare.</strong></span> <span class='ocrx_word' id='word_1_601' title='bbox 1830 2588 1895 2648; x_wconf 87' lang='lat' dir='ltr'><strong>Noa</strong></span> 
     </span>
     <span class='ocr_line' id='line_1_87' title="bbox 1042 2676 1896 2752; baseline 0.006 -21"><span class='ocrx_word' id='word_1_602' title='bbox 1042 2676 1198 2746; x_wconf 90' lang='lat' dir='ltr'><strong>diceretur,</strong></span> <span class='ocrx_word' id='word_1_603' title='bbox 1213 2681 1378 2750; x_wconf 74' lang='lat' dir='ltr'><strong>manifestus</strong></span> <span class='ocrx_word' id='word_1_604' title='bbox 1394 2682 1493 2750; x_wconf 89' lang='lat' dir='ltr'><strong>veniet,</strong></span> <span class='ocrx_word' id='word_1_605' title='bbox 1510 2679 1567 2736; x_wconf 89' lang='lat' dir='ltr'><strong>nisi</strong></span> <span class='ocrx_word' id='word_1_606' title='bbox 1582 2679 1677 2752; x_wconf 91' lang='lat' dir='ltr'><strong>primo</strong></span> <span class='ocrx_word' id='word_1_607' title='bbox 1699 2678 1828 2736; x_wconf 89' lang='lat' dir='ltr'><strong>venisset</strong></span> <span class='ocrx_word' id='word_1_608' title='bbox 1846 2694 1896 2736; x_wconf 88' lang='lat' dir='ltr'><strong>eo-</strong></span> 
     </span>
     <span class='ocr_line' id='line_1_88' title="bbox 1042 2767 1894 2868; baseline 0.002 -45"><span class='ocrx_word' id='word_1_609' title='bbox 1042 2767 1160 2839; x_wconf 88' lang='lat' dir='ltr'><strong>cultue;</strong></span> <span class='ocrx_word' id='word_1_610' title='bbox 1184 2785 1238 2825; x_wconf 90' lang='lat' dir='ltr'><strong>nec</strong></span> <span class='ocrx_word' id='word_1_611' title='bbox 1263 2770 1419 2840; x_wconf 84' lang='lat' dir='ltr'><strong>diceretur,</strong></span> <span class='ocrx_word' id='word_1_612' title='bbox 1442 2786 1498 2826; x_wconf 91' lang='lat' dir='ltr'><strong>non</strong></span> <span class='ocrx_word' id='word_1_613' title='bbox 1519 2770 1624 2837; x_wconf 81' lang='lat' dir='ltr'><strong>silebit,</strong></span> <span class='ocrx_word' id='word_1_614' title='bbox 1640 2767 1697 2825; x_wconf 91' lang='lat' dir='ltr'><strong>nisi</strong></span> <span class='ocrx_word' id='word_1_615' title='bbox 1717 2769 1786 2841; x_wconf 85' lang='lat' dir='ltr'><strong>quie</strong></span> <span class='ocrx_word' id='word_1_616' title='bbox 1802 2768 1894 2868; x_wconf 79' lang='lat' dir='ltr'><strong>prime</strong></span> 
     </span>
     <span class='ocr_line' id='line_1_89' title="bbox 1041 2855 1897 2957; baseline 0.004 -46"><span class='ocrx_word' id='word_1_617' title='bbox 1041 2855 1133 2916; x_wconf 88' lang='lat' dir='ltr'><strong>siluit.</strong></span> <span class='ocrx_word' id='word_1_618' title='bbox 1149 2859 1298 2924; x_wconf 84' lang='lat' dir='ltr'><strong>Quomodo</strong></span> <span class='ocrx_word' id='word_1_619' title='bbox 1315 2859 1420 2915; x_wconf 78' lang='lat' dir='ltr'><strong>siluit?</strong></span> <span class='ocrx_word' id='word_1_620' title='bbox 1435 2862 1583 2933; x_wconf 85' lang='lat' dir='ltr'><strong>Interroga</strong></span> <span class='ocrx_word' id='word_1_621' title='bbox 1603 2859 1707 2916; x_wconf 83' lang='lat' dir='ltr'><strong>lenium</strong></span> <span class='ocrx_word' id='word_1_622' title='bbox 1724 2875 1731 2914; x_wconf 90' lang='lat'>:</span> <span class='ocrx_word' id='word_1_623' title='bbox 1747 2857 1824 2915; x_wconf 80' lang='lat' dir='ltr'><strong>Sicut</strong></span> <span class='ocrx_word' id='word_1_624' title='bbox 1837 2872 1897 2957; x_wconf 66' lang='lat' dir='ltr'><strong>oves</strong></span> 
     </span>
     <span class='ocr_line' id='line_1_90' title="bbox 1040 2945 1897 3024; baseline 0.002 -22"><span class='ocrx_word' id='word_1_625' title='bbox 1040 2945 1076 3003; x_wconf 87' lang='lat' dir='ltr'><strong>cd</strong></span> <span class='ocrx_word' id='word_1_626' title='bbox 1089 2947 1257 3005; x_wconf 80' lang='lat' dir='ltr'><strong>occasionem</strong></span> <span class='ocrx_word' id='word_1_627' title='bbox 1272 2949 1369 3006; x_wconf 80' lang='lat' dir='ltr'><strong>ductus</strong></span> <span class='ocrx_word' id='word_1_628' title='bbox 1388 2956 1439 3018; x_wconf 85' lang='lat' dir='ltr'><strong>est,</strong></span> <span class='ocrx_word' id='word_1_629' title='bbox 1459 2959 1484 3006; x_wconf 88' lang='lat' dir='ltr'><strong>et</strong></span> <span class='ocrx_word' id='word_1_630' title='bbox 1497 2951 1567 3007; x_wconf 82' lang='lat' dir='ltr'><strong>sicut</strong></span> <span class='ocrx_word' id='word_1_631' title='bbox 1582 2965 1670 3024; x_wconf 83' lang='lat' dir='ltr'><strong>aqum</strong></span> <span class='ocrx_word' id='word_1_632' title='bbox 1683 2965 1778 3005; x_wconf 87' lang='lat' dir='ltr'><strong>corum</strong></span> <span class='ocrx_word' id='word_1_633' title='bbox 1803 2962 1833 3004; x_wconf 90' lang='lat' dir='ltr'><strong>ee</strong></span> <span class='ocrx_word' id='word_1_634' title='bbox 1847 2962 1897 3021; x_wconf 83' lang='lat' dir='ltr'><strong>qua</strong></span> 
     </span>
     <span class='ocr_line' id='line_1_91' title="bbox 1040 3037 1895 3138; baseline -0.001 -45"><span class='ocrx_word' id='word_1_635' title='bbox 1040 3055 1070 3093; x_wconf 86' lang='lat' dir='ltr'><strong>ee</strong></span> <span class='ocrx_word' id='word_1_636' title='bbox 1085 3037 1208 3095; x_wconf 86' lang='lat' dir='ltr'><strong>tonderet</strong></span> <span class='ocrx_word' id='word_1_637' title='bbox 1222 3039 1243 3108; x_wconf 83' lang='lat'><strong>¹,</strong></span> <span class='ocrx_word' id='word_1_638' title='bbox 1262 3040 1317 3110; x_wconf 77' lang='lat' dir='ltr'><strong>suit</strong></span> <span class='ocrx_word' id='word_1_639' title='bbox 1344 3041 1405 3097; x_wconf 82' lang='lat' dir='ltr'><strong>eine</strong></span> <span class='ocrx_word' id='word_1_640' title='bbox 1427 3055 1499 3111; x_wconf 86' lang='lat' dir='ltr'><strong>voce,</strong></span> <span class='ocrx_word' id='word_1_641' title='bbox 1520 3040 1560 3096; x_wconf 80' lang='lat' dir='ltr'><strong>sic</strong></span> <span class='ocrx_word' id='word_1_642' title='bbox 1575 3039 1751 3111; x_wconf 83' lang='lat' dir='ltr'><strong>nonuperuit</strong></span> <span class='ocrx_word' id='word_1_643' title='bbox 1764 3053 1795 3092; x_wconf 89' lang='lat' dir='ltr'><strong>oe</strong></span> <span class='ocrx_word' id='word_1_644' title='bbox 1811 3051 1895 3138; x_wconf 80' lang='lat' dir='ltr'><strong>snum</strong></span> 
     </span>
     <span class='ocr_line' id='line_1_92' title="bbox 1041 3125 1892 3227; baseline -0.002 -43"><span class='ocrx_word' id='word_1_645' title='bbox 1041 3130 1117 3198; x_wconf 82' lang='lat' dir='ltr'><strong>(lsai.</strong></span> <span class='ocrx_word' id='word_1_646' title='bbox 1134 3146 1193 3197; x_wconf 82' lang='lat' dir='ltr'><strong>arri,</strong></span> <span class='ocrx_word' id='word_1_647' title='bbox 1208 3131 1249 3203; x_wconf 81' lang='lat'><strong>7).</strong></span> <span class='ocrx_word' id='word_1_648' title='bbox 1268 3131 1361 3188; x_wconf 88' lang='lat' dir='ltr'><strong>Veniet</strong></span> <span class='ocrx_word' id='word_1_649' title='bbox 1375 3134 1473 3187; x_wconf 89' lang='lat' dir='ltr'><strong>autem</strong></span> <span class='ocrx_word' id='word_1_650' title='bbox 1490 3128 1664 3200; x_wconf 69' lang='lat' dir='ltr'><strong>monifestat,</strong></span> <span class='ocrx_word' id='word_1_651' title='bbox 1679 3133 1706 3185; x_wconf 89' lang='lat' dir='ltr'><strong>et</strong></span> <span class='ocrx_word' id='word_1_652' title='bbox 1715 3144 1771 3227; x_wconf 79' lang='lat' dir='ltr'><strong>non</strong></span> <span class='ocrx_word' id='word_1_653' title='bbox 1788 3125 1892 3226; x_wconf 69' lang='lat' dir='ltr'><strong>eiiciet.</strong></span> 
     </span>
     <span class='ocr_line' id='line_1_93' title="bbox 1040 3216 1893 3292; baseline -0.001 -19"><span class='ocrx_word' id='word_1_654' title='bbox 1040 3218 1191 3282; x_wconf 83' lang='lat' dir='ltr'><strong>Quomodo</strong></span> <span class='ocrx_word' id='word_1_655' title='bbox 1205 3221 1392 3291; x_wconf 70' lang='lat' dir='ltr'><strong>mentientur?</strong></span> <span class='ocrx_word' id='word_1_656' title='bbox 1409 3223 1482 3292; x_wconf 72' lang='lat' dir='ltr'><strong>ignis</strong></span> <span class='ocrx_word' id='word_1_657' title='bbox 1502 3226 1567 3276; x_wconf 83' lang='lat' dir='ltr'><strong>onte</strong></span> <span class='ocrx_word' id='word_1_658' title='bbox 1583 3235 1647 3276; x_wconf 89' lang='lat' dir='ltr'><strong>enm</strong></span> <span class='ocrx_word' id='word_1_659' title='bbox 1668 3216 1790 3291; x_wconf 72' lang='lat' dir='ltr'><strong>preibat,</strong></span> <span class='ocrx_word' id='word_1_660' title='bbox 1812 3218 1838 3273; x_wconf 88' lang='lat' dir='ltr'><strong>et</strong></span> <span class='ocrx_word' id='word_1_661' title='bbox 1861 3231 1893 3272; x_wconf 88' lang='lat' dir='ltr'><strong>m</strong></span> 
     </span>
     <span class='ocr_line' id='line_1_94' title="bbox 1040 3304 1892 3385; baseline -0.002 -21"><span class='ocrx_word' id='word_1_662' title='bbox 1040 3309 1157 3366; x_wconf 84' lang='lat' dir='ltr'><strong>circuitu</strong></span> <span class='ocrx_word' id='word_1_663' title='bbox 1170 3309 1229 3381; x_wconf 81' lang='lat' dir='ltr'><strong>ejvs</strong></span> <span class='ocrx_word' id='word_1_664' title='bbox 1254 3315 1396 3384; x_wconf 84' lang='lat' dir='ltr'><strong>tempestus</strong></span> <span class='ocrx_word' id='word_1_665' title='bbox 1414 3310 1509 3368; x_wconf 89' lang='lat' dir='ltr'><strong>oulide</strong></span> <span class='ocrx_word' id='word_1_666' title='bbox 1534 3307 1623 3385; x_wconf 80' lang='lat' dir='ltr'><strong>(Ptol.</strong></span> <span class='ocrx_word' id='word_1_667' title='bbox 1648 3325 1722 3376; x_wconf 85' lang='lat' dir='ltr'><strong>xmx,</strong></span> <span class='ocrx_word' id='word_1_668' title='bbox 1736 3305 1775 3378; x_wconf 76' lang='grc'><strong>3).</strong></span> <span class='ocrx_word' id='word_1_669' title='bbox 1803 3304 1892 3363; x_wconf 76' lang='lat' dir='ltr'><strong>Tem·</strong></span> 
     </span>
     <span class='ocr_line' id='line_1_95' title="bbox 1039 3399 1891 3474; baseline -0.001 -18"><span class='ocrx_word' id='word_1_670' title='bbox 1039 3409 1137 3473; x_wconf 86' lang='lat' dir='ltr'><strong>pestes</strong></span> <span class='ocrx_word' id='word_1_671' title='bbox 1152 3399 1202 3456; x_wconf 86' lang='lat' dir='ltr'><strong>illa</strong></span> <span class='ocrx_word' id='word_1_672' title='bbox 1217 3401 1314 3459; x_wconf 90' lang='lat' dir='ltr'><strong>tollere</strong></span> <span class='ocrx_word' id='word_1_673' title='bbox 1329 3402 1415 3459; x_wconf 89' lang='lat' dir='ltr'><strong>hebet</strong></span> <span class='ocrx_word' id='word_1_674' title='bbox 1431 3407 1519 3460; x_wconf 91' lang='lat' dir='ltr'><strong>totam</strong></span> <span class='ocrx_word' id='word_1_675' title='bbox 1538 3403 1651 3474; x_wconf 86' lang='lat' dir='ltr'><strong>paleam</strong></span> <span class='ocrx_word' id='word_1_676' title='bbox 1675 3399 1712 3455; x_wconf 88' lang='lat' dir='ltr'><strong>de</strong></span> <span class='ocrx_word' id='word_1_677' title='bbox 1734 3413 1812 3464; x_wconf 84' lang='lat' dir='ltr'><strong>area,</strong></span> <span class='ocrx_word' id='word_1_678' title='bbox 1828 3413 1891 3470; x_wconf 79' lang='lat' dir='ltr'><strong>quer</strong></span> 
     </span>
     <span class='ocr_line' id='line_1_96' title="bbox 1040 3490 1892 3566; baseline -0.005 -17"><span class='ocrx_word' id='word_1_679' title='bbox 1040 3491 1126 3550; x_wconf 93' lang='lat' dir='ltr'><strong>modo</strong></span> <span class='ocrx_word' id='word_1_680' title='bbox 1141 3494 1311 3561; x_wconf 67' lang='lat' dir='ltr'><strong>trituratum</strong></span> <span class='ocrx_word' id='word_1_681' title='bbox 1328 3499 1357 3551; x_wconf 84' lang='lat' dir='ltr'><strong>et</strong></span> <span class='ocrx_word' id='word_1_682' title='bbox 1373 3493 1449 3566; x_wconf 88' lang='lat' dir='ltr'><strong>ignis</strong></span> <span class='ocrx_word' id='word_1_683' title='bbox 1464 3492 1620 3551; x_wconf 84' lang='lat' dir='ltr'><strong>incendere</strong></span> <span class='ocrx_word' id='word_1_684' title='bbox 1632 3490 1709 3564; x_wconf 91' lang='lat' dir='ltr'><strong>quod</strong></span> <span class='ocrx_word' id='word_1_685' title='bbox 1733 3492 1892 3561; x_wconf 84' lang='lat' dir='ltr'><strong>tempestae</strong></span> 
     </span>
     <span class='ocr_line' id='line_1_97' title="bbox 1039 3577 1892 3679; baseline -0.004 -42"><span class='ocrx_word' id='word_1_686' title='bbox 1039 3581 1202 3642; x_wconf 81' lang='lat' dir='ltr'><strong>abstulerit.</strong></span> <span class='ocrx_word' id='word_1_687' title='bbox 1214 3583 1300 3640; x_wconf 85' lang='lat' dir='ltr'><strong>blodo</strong></span> <span class='ocrx_word' id='word_1_688' title='bbox 1315 3589 1412 3641; x_wconf 88' lang='lat' dir='ltr'><strong>eutem</strong></span> <span class='ocrx_word' id='word_1_689' title='bbox 1426 3587 1502 3639; x_wconf 88' lang='lat' dir='ltr'><strong>tacet</strong></span> <span class='ocrx_word' id='word_1_690' title='bbox 1516 3596 1524 3637; x_wconf 91' lang='lat'>:</span> <span class='ocrx_word' id='word_1_691' title='bbox 1542 3585 1619 3637; x_wconf 89' lang='lat' dir='ltr'><strong>tacet</strong></span> <span class='ocrx_word' id='word_1_692' title='bbox 1631 3577 1754 3651; x_wconf 91' lang='lat' dir='ltr'><strong>judicio,</strong></span> <span class='ocrx_word' id='word_1_693' title='bbox 1770 3577 1821 3678; x_wconf 76' lang='lat' dir='ltr'><strong>sed</strong></span> <span class='ocrx_word' id='word_1_694' title='bbox 1832 3592 1892 3679; x_wconf 78' lang='lat' dir='ltr'><strong>aea</strong></span> 
     </span>
     <span class='ocr_line' id='line_1_98' title="bbox 1039 3665 1893 3745; baseline -0.007 -16"><span class='ocrx_word' id='word_1_695' title='bbox 1039 3676 1116 3729; x_wconf 91' lang='lat' dir='ltr'><strong>tacet</strong></span> <span class='ocrx_word' id='word_1_696' title='bbox 1141 3678 1294 3745; x_wconf 83' lang='lat' dir='ltr'><strong>precepto.</strong></span> <span class='ocrx_word' id='word_1_697' title='bbox 1310 3673 1340 3729; x_wconf 88' lang='lat' dir='ltr'><strong>Si</strong></span> <span class='ocrx_word' id='word_1_698' title='bbox 1369 3672 1447 3729; x_wconf 91' lang='lat' dir='ltr'><strong>enim</strong></span> <span class='ocrx_word' id='word_1_699' title='bbox 1477 3674 1553 3728; x_wconf 82' lang='lat' dir='ltr'><strong>tacet</strong></span> <span class='ocrx_word' id='word_1_700' title='bbox 1574 3668 1719 3739; x_wconf 85' lang='lat' dir='ltr'><strong>Christus,</strong></span> <span class='ocrx_word' id='word_1_701' title='bbox 1740 3667 1810 3741; x_wconf 82' lang='lat' dir='ltr'><strong>quid</strong></span> <span class='ocrx_word' id='word_1_702' title='bbox 1835 3665 1893 3723; x_wconf 83' lang='lat' dir='ltr'><strong>sibl</strong></span> 
     </span>
     <span class='ocr_line' id='line_1_99' title="bbox 1037 3758 1892 3836; baseline -0.005 -19"><span class='ocrx_word' id='word_1_703' title='bbox 1037 3761 1139 3818; x_wconf 89' lang='lat' dir='ltr'><strong>volunt</strong></span> <span class='ocrx_word' id='word_1_704' title='bbox 1153 3763 1214 3819; x_wconf 84' lang='lat' dir='ltr'><strong>hae</strong></span> <span class='ocrx_word' id='word_1_705' title='bbox 1230 3761 1407 3836; x_wconf 79' lang='lat' dir='ltr'><strong>Evangeliai</strong></span> <span class='ocrx_word' id='word_1_706' title='bbox 1428 3761 1496 3834; x_wconf 90' lang='lat' dir='ltr'><strong>quid</strong></span> <span class='ocrx_word' id='word_1_707' title='bbox 1519 3762 1576 3818; x_wconf 88' lang='lat' dir='ltr'><strong>sibi</strong></span> <span class='ocrx_word' id='word_1_708' title='bbox 1590 3758 1691 3817; x_wconf 85' lang='lat' dir='ltr'><strong>volunt</strong></span> <span class='ocrx_word' id='word_1_709' title='bbox 1713 3773 1798 3816; x_wconf 87' lang='lat' dir='ltr'><strong>voces</strong></span> <span class='ocrx_word' id='word_1_710' title='bbox 1821 3773 1892 3830; x_wconf 91' lang='lat' dir='ltr'><strong>apo·</strong></span> 
     </span>
     <span class='ocr_line' id='line_1_100' title="bbox 1037 3848 1890 3926; baseline 0 -18"><span class='ocrx_word' id='word_1_711' title='bbox 1037 3851 1156 3921; x_wconf 85' lang='lat' dir='ltr'><strong>stolice,</strong></span> <span class='ocrx_word' id='word_1_712' title='bbox 1172 3854 1240 3925; x_wconf 90' lang='lat' dir='ltr'><strong>qnid</strong></span> <span class='ocrx_word' id='word_1_713' title='bbox 1256 3853 1370 3911; x_wconf 87' lang='lat' dir='ltr'><strong>cantica</strong></span> <span class='ocrx_word' id='word_1_714' title='bbox 1385 3853 1576 3921; x_wconf 78' lang='lat' dir='ltr'><strong>i&#39;eelmorum,</strong></span> <span class='ocrx_word' id='word_1_715' title='bbox 1593 3851 1664 3926; x_wconf 92' lang='lat' dir='ltr'><strong>quid</strong></span> <span class='ocrx_word' id='word_1_716' title='bbox 1684 3850 1800 3924; x_wconf 82' lang='lat' dir='ltr'><strong>eloquis</strong></span> <span class='ocrx_word' id='word_1_717' title='bbox 1822 3848 1890 3908; x_wconf 88' lang='lat' dir='ltr'><strong>Pru-</strong></span> 
     </span>
     <span class='ocr_line' id='line_1_101' title="bbox 1037 3940 1887 4013; baseline -0.001 -16"><span class='ocrx_word' id='word_1_718' title='bbox 1037 3940 1215 4013; x_wconf 84' lang='lat' dir='ltr'><strong>phetarum?</strong></span> <span class='ocrx_word' id='word_1_719' title='bbox 1229 3949 1261 4001; x_wconf 89' lang='lat' dir='ltr'><strong>la</strong></span> <span class='ocrx_word' id='word_1_720' title='bbox 1278 3942 1411 4001; x_wconf 90' lang='lat' dir='ltr'><strong>bisenim</strong></span> <span class='ocrx_word' id='word_1_721' title='bbox 1423 3941 1706 4001; x_wconf 83' lang='lat' dir='ltr'><strong>omnihuechristus</strong></span> <span class='ocrx_word' id='word_1_722' title='bbox 1717 3957 1774 3998; x_wconf 92' lang='lat' dir='ltr'><strong>non</strong></span> <span class='ocrx_word' id='word_1_723' title='bbox 1799 3941 1887 3996; x_wconf 84' lang='lat' dir='ltr'><strong>tacet.</strong></span> 
     </span>
     <span class='ocr_line' id='line_1_102' title="bbox 1035 4033 1888 4106; baseline -0.001 -16"><span class='ocrx_word' id='word_1_724' title='bbox 1035 4033 1091 4091; x_wconf 87' lang='lat' dir='ltr'><strong>Sed</strong></span> <span class='ocrx_word' id='word_1_725' title='bbox 1106 4039 1179 4092; x_wconf 87' lang='lat' dir='ltr'><strong>tacet</strong></span> <span class='ocrx_word' id='word_1_726' title='bbox 1196 4036 1293 4106; x_wconf 93' lang='lat' dir='ltr'><strong>modu,</strong></span> <span class='ocrx_word' id='word_1_727' title='bbox 1309 4041 1342 4093; x_wconf 89' lang='lat' dir='ltr'><strong>ut</strong></span> <span class='ocrx_word' id='word_1_728' title='bbox 1357 4053 1414 4095; x_wconf 93' lang='lat' dir='ltr'><strong>non</strong></span> <span class='ocrx_word' id='word_1_729' title='bbox 1429 4035 1554 4094; x_wconf 86' lang='lat' dir='ltr'><strong>vindicet</strong></span> <span class='ocrx_word' id='word_1_730' title='bbox 1570 4050 1577 4092; x_wconf 91' lang='lat'>:</span> <span class='ocrx_word' id='word_1_731' title='bbox 1595 4051 1653 4092; x_wconf 90' lang='lat' dir='ltr'><strong>non</strong></span> <span class='ocrx_word' id='word_1_732' title='bbox 1668 4037 1755 4102; x_wconf 86' lang='lat' dir='ltr'><strong>tecet,</strong></span> <span class='ocrx_word' id='word_1_733' title='bbox 1772 4037 1804 4091; x_wconf 87' lang='lat' dir='ltr'><strong>ut</strong></span> <span class='ocrx_word' id='word_1_734' title='bbox 1828 4046 1888 4090; x_wconf 89' lang='lat' dir='ltr'><strong>nen</strong></span> 
     </span>
     <span class='ocr_line' id='line_1_103' title="bbox 1034 4122 1889 4200; baseline -0.001 -21"><span class='ocrx_word' id='word_1_735' title='bbox 1034 4128 1162 4181; x_wconf 89' lang='lat' dir='ltr'><strong>moneat.</strong></span> <span class='ocrx_word' id='word_1_736' title='bbox 1188 4126 1291 4183; x_wconf 86' lang='lat' dir='ltr'><strong>Veniet</strong></span> <span class='ocrx_word' id='word_1_737' title='bbox 1314 4130 1410 4184; x_wconf 87' lang='lat' dir='ltr'><strong>eutem</strong></span> <span class='ocrx_word' id='word_1_738' title='bbox 1441 4125 1594 4200; x_wconf 80' lang='lat' dir='ltr'><strong>preclarus</strong></span> <span class='ocrx_word' id='word_1_739' title='bbox 1619 4125 1648 4181; x_wconf 90' lang='lat' dir='ltr'><strong>in</strong></span> <span class='ocrx_word' id='word_1_740' title='bbox 1672 4122 1843 4193; x_wconf 89' lang='lat' dir='ltr'><strong>vindictam,</strong></span> <span class='ocrx_word' id='word_1_741' title='bbox 1859 4125 1889 4179; x_wconf 90' lang='lat' dir='ltr'><strong>et</strong></span> 
     </span>
     <span class='ocr_line' id='line_1_104' title="bbox 1034 4211 1887 4288; baseline -0.001 -19"><span class='ocrx_word' id='word_1_742' title='bbox 1034 4217 1183 4286; x_wconf 84' lang='lat' dir='ltr'><strong>apparebit</strong></span> <span class='ocrx_word' id='word_1_743' title='bbox 1194 4218 1342 4286; x_wconf 85' lang='lat' dir='ltr'><strong>omnibus,</strong></span> <span class='ocrx_word' id='word_1_744' title='bbox 1354 4221 1383 4274; x_wconf 90' lang='lat' dir='ltr'><strong>et</strong></span> <span class='ocrx_word' id='word_1_745' title='bbox 1396 4217 1447 4288; x_wconf 92' lang='lat' dir='ltr'><strong>qui</strong></span> <span class='ocrx_word' id='word_1_746' title='bbox 1468 4217 1496 4273; x_wconf 91' lang='lat' dir='ltr'><strong>in</strong></span> <span class='ocrx_word' id='word_1_747' title='bbox 1513 4232 1580 4273; x_wconf 90' lang='lat' dir='ltr'><strong>eum</strong></span> <span class='ocrx_word' id='word_1_748' title='bbox 1592 4231 1650 4271; x_wconf 92' lang='lat' dir='ltr'><strong>non</strong></span> <span class='ocrx_word' id='word_1_749' title='bbox 1662 4213 1793 4271; x_wconf 88' lang='lat' dir='ltr'><strong>creduut.</strong></span> <span class='ocrx_word' id='word_1_750' title='bbox 1804 4211 1887 4268; x_wconf 83' lang='lat' dir='ltr'><strong>blodo</strong></span> 
     </span>
     <span class='ocr_line' id='line_1_105' title="bbox 1033 4301 1885 4400; baseline -0.005 -41"><span class='ocrx_word' id='word_1_751' title='bbox 1033 4320 1100 4361; x_wconf 90' lang='lat' dir='ltr'><strong>vero</strong></span> <span class='ocrx_word' id='word_1_752' title='bbox 1110 4306 1179 4377; x_wconf 87' lang='lat' dir='ltr'><strong>quia</strong></span> <span class='ocrx_word' id='word_1_753' title='bbox 1190 4306 1492 4379; x_wconf 82' lang='lat' dir='ltr'><strong>etproescnsoccultue</strong></span> <span class='ocrx_word' id='word_1_754' title='bbox 1503 4310 1574 4372; x_wconf 85' lang='lat' dir='ltr'><strong>erat,</strong></span> <span class='ocrx_word' id='word_1_755' title='bbox 1590 4301 1742 4375; x_wconf 88' lang='lat' dir='ltr'><strong>oportebat</strong></span> <span class='ocrx_word' id='word_1_756' title='bbox 1757 4304 1789 4356; x_wconf 88' lang='lat' dir='ltr'><strong>ut</strong></span> <span class='ocrx_word' id='word_1_757' title='bbox 1804 4315 1885 4400; x_wconf 31' lang='lat' dir='ltr'><strong>‘con-</strong></span> 
     </span>
     <span class='ocr_line' id='line_1_106' title="bbox 1032 4388 1885 4490; baseline -0.007 -40"><span class='ocrx_word' id='word_1_758' title='bbox 1032 4397 1223 4452; x_wconf 87' lang='lat' dir='ltr'><strong>temneretur.</strong></span> <span class='ocrx_word' id='word_1_759' title='bbox 1240 4395 1301 4453; x_wconf 86' lang='lat' dir='ltr'><strong>Nisi</strong></span> <span class='ocrx_word' id='word_1_760' title='bbox 1317 4395 1397 4452; x_wconf 89' lang='lat' dir='ltr'><strong>enim</strong></span> <span class='ocrx_word' id='word_1_761' title='bbox 1408 4397 1653 4461; x_wconf 89' lang='lat' dir='ltr'><strong>contemneretur,</strong></span> <span class='ocrx_word' id='word_1_762' title='bbox 1665 4407 1722 4447; x_wconf 90' lang='lat' dir='ltr'><strong>nen</strong></span> <span class='ocrx_word' id='word_1_763' title='bbox 1733 4388 1885 4490; x_wconf 77' lang='lat' dir='ltr'><strong>cruorlige·</strong></span> 
     </span>
     <span class='ocr_line' id='line_1_107' title="bbox 1033 4481 1885 4583; baseline -0.002 -45"><span class='ocrx_word' id='word_1_764' title='bbox 1033 4494 1111 4540; x_wconf 91' lang='lat' dir='ltr'><strong>retur</strong></span> <span class='ocrx_word' id='word_1_765' title='bbox 1128 4501 1134 4540; x_wconf 94' lang='lat'><strong>:</strong></span> <span class='ocrx_word' id='word_1_766' title='bbox 1152 4486 1176 4540; x_wconf 89' lang='lat' dir='ltr'><strong>ei</strong></span> <span class='ocrx_word' id='word_1_767' title='bbox 1194 4502 1249 4541; x_wconf 91' lang='lat' dir='ltr'><strong>non</strong></span> <span class='ocrx_word' id='word_1_768' title='bbox 1266 4486 1495 4558; x_wconf 90' lang='lat' dir='ltr'><strong>cruciilgerctur,</strong></span> <span class='ocrx_word' id='word_1_769' title='bbox 1516 4501 1575 4540; x_wconf 92' lang='lat' dir='ltr'><strong>non</strong></span> <span class='ocrx_word' id='word_1_770' title='bbox 1605 4481 1737 4538; x_wconf 81' lang='lat' dir='ltr'><strong>funderet</strong></span> <span class='ocrx_word' id='word_1_771' title='bbox 1764 4495 1885 4583; x_wconf 82' lang='lat' dir='ltr'><strong>saugui-</strong></span> 
     </span>
     <span class='ocr_line' id='line_1_108' title="bbox 1032 4573 1884 4648; baseline -0.002 -19"><span class='ocrx_word' id='word_1_772' title='bbox 1032 4589 1111 4646; x_wconf 88' lang='lat' dir='ltr'><strong>nem,</strong></span> <span class='ocrx_word' id='word_1_773' title='bbox 1122 4590 1179 4647; x_wconf 91' lang='lat' dir='ltr'><strong>quo</strong></span> <span class='ocrx_word' id='word_1_774' title='bbox 1190 4576 1282 4648; x_wconf 88' lang='lat' dir='ltr'><strong>pretio</strong></span> <span class='ocrx_word' id='word_1_775' title='bbox 1295 4592 1348 4633; x_wconf 90' lang='lat' dir='ltr'><strong>nos</strong></span> <span class='ocrx_word' id='word_1_776' title='bbox 1361 4574 1490 4632; x_wconf 87' lang='lat' dir='ltr'><strong>redemit.</strong></span> <span class='ocrx_word' id='word_1_777' title='bbox 1507 4573 1543 4630; x_wconf 89' lang='lat' dir='ltr'><strong>Ut</strong></span> <span class='ocrx_word' id='word_1_778' title='bbox 1553 4581 1648 4632; x_wconf 85' lang='lat' dir='ltr'><strong>eutem</strong></span> <span class='ocrx_word' id='word_1_779' title='bbox 1660 4573 1744 4631; x_wconf 87' lang='lat' dir='ltr'><strong>deret</strong></span> <span class='ocrx_word' id='word_1_780' title='bbox 1760 4575 1884 4644; x_wconf 83' lang='lat' dir='ltr'><strong>pretium</strong></span> 
     </span>
     <span class='ocr_line' id='line_1_109' title="bbox 1032 4663 1885 4767; baseline -0.004 -47"><span class='ocrx_word' id='word_1_781' title='bbox 1032 4664 1190 4737; x_wconf 89' lang='lat' dir='ltr'><strong>pronubis,</strong></span> <span class='ocrx_word' id='word_1_782' title='bbox 1207 4665 1363 4723; x_wconf 85' lang='lat' dir='ltr'><strong>crucifixus</strong></span> <span class='ocrx_word' id='word_1_783' title='bbox 1376 4668 1436 4735; x_wconf 88' lang='lat' dir='ltr'><strong>est;</strong></span> <span class='ocrx_word' id='word_1_784' title='bbox 1453 4669 1486 4721; x_wconf 93' lang='lat' dir='ltr'><strong>ut</strong></span> <span class='ocrx_word' id='word_1_785' title='bbox 1504 4663 1736 4738; x_wconf 80' lang='lat' dir='ltr'><strong>crucifigeretur,</strong></span> <span class='ocrx_word' id='word_1_786' title='bbox 1749 4665 1885 4767; x_wconf 77' lang='lat' dir='ltr'><strong>contem·</strong></span> 
     </span>
     <span class='ocr_line' id='line_1_110' title="bbox 1032 4752 1782 4829; baseline -0.001 -19"><span class='ocrx_word' id='word_1_787' title='bbox 1032 4758 1099 4824; x_wconf 91' lang='lat' dir='ltr'><strong>ptue</strong></span> <span class='ocrx_word' id='word_1_788' title='bbox 1115 4758 1178 4824; x_wconf 84' lang='lat' dir='ltr'><strong>eet;</strong></span> <span class='ocrx_word' id='word_1_789' title='bbox 1195 4761 1227 4812; x_wconf 92' lang='lat' dir='ltr'><strong>ut</strong></span> <span class='ocrx_word' id='word_1_790' title='bbox 1241 4759 1484 4825; x_wconf 87' lang='lat' dir='ltr'><strong>contemneretur,</strong></span> <span class='ocrx_word' id='word_1_791' title='bbox 1501 4752 1622 4813; x_wconf 89' lang='lat' dir='ltr'><strong>humilis</strong></span> <span class='ocrx_word' id='word_1_792' title='bbox 1637 4758 1782 4829; x_wconf 79' lang='lat' dir='ltr'><strong>apperuit.</strong></span> 
     </span>
    </p>

    <p class='ocr_par' dir='ltr' id='par_1_12' title="bbox 1024 4843 1885 5560">
     <span class='ocr_line' id='line_1_111' title="bbox 1065 4843 1885 4920; baseline -0.005 -22"><span class='ocrx_word' id='word_1_793' title='bbox 1065 4844 1092 4899; x_wconf 85' lang='lat'><strong>3.</strong></span> <span class='ocrx_word' id='word_1_794' title='bbox 1109 4844 1217 4902; x_wconf 86' lang='lat' dir='ltr'><strong>Tamen</strong></span> <span class='ocrx_word' id='word_1_795' title='bbox 1230 4846 1431 4920; x_wconf 89' lang='lat' dir='ltr'><strong>quiaquasiiu</strong></span> <span class='ocrx_word' id='word_1_796' title='bbox 1447 4848 1530 4904; x_wconf 90' lang='lat' dir='ltr'><strong>noete</strong></span> <span class='ocrx_word' id='word_1_797' title='bbox 1555 4843 1691 4919; x_wconf 83' lang='lat' dir='ltr'><strong>apperuit</strong></span> <span class='ocrx_word' id='word_1_798' title='bbox 1711 4844 1741 4899; x_wconf 89' lang='lat' dir='ltr'><strong>in</strong></span> <span class='ocrx_word' id='word_1_799' title='bbox 1764 4853 1885 4909; x_wconf 88' lang='lat' dir='ltr'><strong>corpore</strong></span> 
     </span>
     <span class='ocr_line' id='line_1_112' title="bbox 1030 4929 1883 5002; baseline -0.007 -13"><span class='ocrx_word' id='word_1_800' title='bbox 1030 4934 1156 5002; x_wconf 87' lang='lat' dir='ltr'><strong>mortali,</strong></span> <span class='ocrx_word' id='word_1_801' title='bbox 1167 4933 1317 4993; x_wconf 88' lang='lat' dir='ltr'><strong>lucernam</strong></span> <span class='ocrx_word' id='word_1_802' title='bbox 1334 4935 1390 4993; x_wconf 92' lang='lat' dir='ltr'><strong>sibi</strong></span> <span class='ocrx_word' id='word_1_803' title='bbox 1402 4936 1531 4994; x_wconf 75' lang='lat' dir='ltr'><strong>accendit</strong></span> <span class='ocrx_word' id='word_1_804' title='bbox 1546 4934 1624 4991; x_wconf 91' lang='lat' dir='ltr'><strong>unde</strong></span> <span class='ocrx_word' id='word_1_805' title='bbox 1647 4933 1803 4989; x_wconf 87' lang='lat' dir='ltr'><strong>videretur.</strong></span> <span class='ocrx_word' id='word_1_806' title='bbox 1817 4929 1883 4997; x_wconf 85' lang='lat' dir='ltr'><strong>tpea</strong></span> 
     </span>
     <span class='ocr_line' id='line_1_113' title="bbox 1029 5012 1882 5101; baseline 0.002 -27"><span class='ocrx_word' id='word_1_807' title='bbox 1029 5018 1288 5082; x_wconf 83' lang='lat' dir='ltr'><strong>lrrccrneloannes</strong></span> <span class='ocrx_word' id='word_1_808' title='bbox 1300 5029 1363 5083; x_wconf 88' lang='lat' dir='ltr'><strong>eret</strong></span> <span class='ocrx_word' id='word_1_809' title='bbox 1376 5027 1466 5101; x_wconf 80' lang='lat' dir='ltr'><strong>(loen.</strong></span> <span class='ocrx_word' id='word_1_810' title='bbox 1482 5043 1511 5096; x_wconf 90' lang='lat' dir='ltr'><strong>v,</strong></span> <span class='ocrx_word' id='word_1_811' title='bbox 1526 5023 1694 5095; x_wconf 78' lang='lat' dir='ltr'><strong>35l,dequo</strong></span> <span class='ocrx_word' id='word_1_812' title='bbox 1708 5018 1771 5089; x_wconf 79' lang='lat' dir='ltr'><strong>lem</strong></span> <span class='ocrx_word' id='word_1_813' title='bbox 1788 5012 1882 5071; x_wconf 68' lang='lat' dir='ltr'><strong>mulie</strong></span> 
     </span>
     <span class='ocr_line' id='line_1_114' title="bbox 1028 5103 1878 5208; baseline -0.004 -44"><span class='ocrx_word' id='word_1_814' title='bbox 1028 5110 1180 5168; x_wconf 81' lang='lat' dir='ltr'><strong>audivistis</strong></span> <span class='ocrx_word' id='word_1_815' title='bbox 1197 5119 1245 5170; x_wconf 90' lang='lat' dir='ltr'><strong>:et</strong></span> <span class='ocrx_word' id='word_1_816' title='bbox 1259 5130 1387 5187; x_wconf 84' lang='lat' dir='ltr'><strong>presens</strong></span> <span class='ocrx_word' id='word_1_817' title='bbox 1402 5115 1487 5173; x_wconf 90' lang='lat' dir='ltr'><strong>lectio</strong></span> <span class='ocrx_word' id='word_1_818' title='bbox 1500 5108 1658 5184; x_wconf 81' lang='lat' dir='ltr'><strong>Evangelii,</strong></span> <span class='ocrx_word' id='word_1_819' title='bbox 1678 5106 1764 5162; x_wconf 87' lang='lat' dir='ltr'><strong>verbe</strong></span> <span class='ocrx_word' id='word_1_820' title='bbox 1787 5103 1878 5208; x_wconf 75' lang='lat' dir='ltr'><strong>deeq-</strong></span> 
     </span>
     <span class='ocr_line' id='line_1_115' title="bbox 1027 5196 1879 5299; baseline -0.006 -41"><span class='ocrx_word' id='word_1_821' title='bbox 1027 5202 1075 5259; x_wconf 91' lang='lat' dir='ltr'><strong>nis</strong></span> <span class='ocrx_word' id='word_1_822' title='bbox 1091 5203 1229 5274; x_wconf 89' lang='lat' dir='ltr'><strong>continet,</strong></span> <span class='ocrx_word' id='word_1_823' title='bbox 1246 5207 1352 5278; x_wconf 91' lang='lat' dir='ltr'><strong>primo,</strong></span> <span class='ocrx_word' id='word_1_824' title='bbox 1367 5207 1445 5278; x_wconf 92' lang='lat' dir='ltr'><strong>quod</strong></span> <span class='ocrx_word' id='word_1_825' title='bbox 1459 5202 1635 5278; x_wconf 79' lang='lat' dir='ltr'><strong>precipuum</strong></span> <span class='ocrx_word' id='word_1_826' title='bbox 1646 5201 1701 5269; x_wconf 89' lang='lat' dir='ltr'><strong>eet,</strong></span> <span class='ocrx_word' id='word_1_827' title='bbox 1712 5196 1879 5299; x_wconf 72' lang='lat' dir='ltr'><strong>confitentis</strong></span> 
     </span>
     <span class='ocr_line' id='line_1_116' title="bbox 1026 5286 1880 5392; baseline -0.005 -44"><span class='ocrx_word' id='word_1_828' title='bbox 1026 5294 1094 5362; x_wconf 89' lang='lat' dir='ltr'><strong>quia</strong></span> <span class='ocrx_word' id='word_1_829' title='bbox 1110 5311 1166 5352; x_wconf 91' lang='lat' dir='ltr'><strong>non</strong></span> <span class='ocrx_word' id='word_1_830' title='bbox 1184 5296 1245 5368; x_wconf 90' lang='lat' dir='ltr'><strong>ipse</strong></span> <span class='ocrx_word' id='word_1_831' title='bbox 1260 5301 1322 5354; x_wconf 88' lang='lat' dir='ltr'><strong>erat</strong></span> <span class='ocrx_word' id='word_1_832' title='bbox 1338 5296 1477 5353; x_wconf 82' lang='lat' dir='ltr'><strong>Christus.</strong></span> <span class='ocrx_word' id='word_1_833' title='bbox 1490 5291 1583 5348; x_wconf 82' lang='lat' dir='ltr'><strong>Tanta</strong></span> <span class='ocrx_word' id='word_1_834' title='bbox 1598 5294 1693 5348; x_wconf 87' lang='lat' dir='ltr'><strong>eutem</strong></span> <span class='ocrx_word' id='word_1_835' title='bbox 1708 5286 1880 5392; x_wconf 81' lang='lat' dir='ltr'><strong>excellentie</strong></span> 
     </span>
     <span class='ocr_line' id='line_1_117' title="bbox 1025 5380 1877 5457; baseline -0.001 -19"><span class='ocrx_word' id='word_1_836' title='bbox 1025 5389 1085 5439; x_wconf 90' lang='lat' dir='ltr'><strong>ernt</strong></span> <span class='ocrx_word' id='word_1_837' title='bbox 1101 5385 1130 5442; x_wconf 95' lang='lat' dir='ltr'><strong>in</strong></span> <span class='ocrx_word' id='word_1_838' title='bbox 1144 5388 1267 5453; x_wconf 85' lang='lat' dir='ltr'><strong>tuaene,</strong></span> <span class='ocrx_word' id='word_1_839' title='bbox 1283 5392 1316 5443; x_wconf 91' lang='lat' dir='ltr'><strong>ut</strong></span> <span class='ocrx_word' id='word_1_840' title='bbox 1337 5388 1436 5457; x_wconf 92' lang='lat' dir='ltr'><strong>posset</strong></span> <span class='ocrx_word' id='word_1_841' title='bbox 1459 5381 1537 5440; x_wconf 90' lang='lat' dir='ltr'><strong>credi</strong></span> <span class='ocrx_word' id='word_1_842' title='bbox 1558 5380 1694 5440; x_wconf 76' lang='lat' dir='ltr'><strong>Christus</strong></span> <span class='ocrx_word' id='word_1_843' title='bbox 1710 5395 1717 5437; x_wconf 76' lang='grc' dir='ltr'><em>τ</em></span> <span class='ocrx_word' id='word_1_844' title='bbox 1733 5384 1762 5438; x_wconf 88' lang='lat' dir='ltr'><strong>et</strong></span> <span class='ocrx_word' id='word_1_845' title='bbox 1784 5395 1816 5438; x_wconf 85' lang='lat' dir='ltr'><strong>an</strong></span> <span class='ocrx_word' id='word_1_846' title='bbox 1843 5394 1877 5437; x_wconf 87' lang='lat' dir='ltr'><strong>oo</strong></span> 
     </span>
     <span class='ocr_line' id='line_1_118' title="bbox 1024 5472 1875 5560; baseline -0.002 -32"><span class='ocrx_word' id='word_1_847' title='bbox 1024 5474 1143 5544; x_wconf 81' lang='lat' dir='ltr'><strong>probata</strong></span> <span class='ocrx_word' id='word_1_848' title='bbox 1157 5481 1201 5531; x_wconf 85' lang='lat' dir='ltr'><strong>cet</strong></span> <span class='ocrx_word' id='word_1_849' title='bbox 1215 5474 1367 5531; x_wconf 85' lang='lat' dir='ltr'><strong>humilitas</strong></span> <span class='ocrx_word' id='word_1_850' title='bbox 1381 5475 1456 5546; x_wconf 85' lang='lat' dir='ltr'><strong>ejus,</strong></span> <span class='ocrx_word' id='word_1_851' title='bbox 1478 5473 1547 5560; x_wconf 86' lang='lat' dir='ltr'><strong>quie</strong></span> <span class='ocrx_word' id='word_1_852' title='bbox 1571 5472 1644 5530; x_wconf 85' lang='lat' dir='ltr'><strong>dixit</strong></span> <span class='ocrx_word' id='word_1_853' title='bbox 1661 5487 1693 5531; x_wconf 90' lang='lat' dir='ltr'><strong>ee</strong></span> <span class='ocrx_word' id='word_1_854' title='bbox 1717 5488 1774 5529; x_wconf 90' lang='lat' dir='ltr'><strong>non</strong></span> <span class='ocrx_word' id='word_1_855' title='bbox 1800 5485 1875 5540; x_wconf 86' lang='lat' dir='ltr'><strong>ease,</strong></span> 
     </span>
    </p>
   </div>
   <div class='ocr_carea' id='block_1_10' title="bbox 1080 5597 1552 5663">
    <p class='ocr_par' dir='ltr' id='par_1_13' title="bbox 1080 5597 1552 5663">
     <span class='ocr_line' id='line_1_119' title="bbox 1080 5597 1552 5663; baseline 0.019 -16"><span class='ocrx_word' id='word_1_856' title='bbox 1080 5597 1160 5659; x_wconf 84' lang='lat' dir='ltr'><strong>Editl,</strong></span> <span class='ocrx_word' id='word_1_857' title='bbox 1176 5598 1274 5650; x_wconf 82' lang='lat' dir='ltr'><strong>tondet.</strong></span> <span class='ocrx_word' id='word_1_858' title='bbox 1290 5602 1323 5653; x_wconf 83' lang='lat' dir='ltr'><strong>at</strong></span> <span class='ocrx_word' id='word_1_859' title='bbox 1337 5600 1410 5663; x_wconf 77' lang='lat' dir='ltr'><strong>iles,</strong></span> <span class='ocrx_word' id='word_1_860' title='bbox 1425 5599 1552 5656; x_wconf 81' lang='lat' dir='ltr'><strong>tenderet.</strong></span> 
     </span>
    </p>
   </div>
   <div class='ocr_carea' id='block_1_11' title="bbox 0 0 1980 6150">
    <p class='ocr_par' dir='ltr' id='par_1_14' title="bbox 0 0 1980 6150">
     <span class='ocr_line' id='line_1_120' title="bbox 0 0 1980 6150; baseline 0 9"><span class='ocrx_word' id='word_1_861' title='bbox 0 0 1980 6150; x_wconf 95' lang='lat' dir='ltr'><strong> </strong></span> 
     </span>
    </p>
   </div>
  </div>
 </body>
</html>
