3952 6150
107 218 185 280 tter
736 218 973 280 reseratus
995 218 1046 280 IX.
1069 218 1197 282 CAPUT
1219 220 1257 280 ll.
1735 252 1741 267 ··
1805 222 1886 313 1⁴8}

99 361 194 410 torem
211 351 500 422 atqueordinatorem
514 351 654 408 siderum.
666 352 736 418 Quis
748 352 773 410 ai
788 357 863 410 esset
875 354 964 410 latum
1020 354 1124 422 sitatis,
1137 354 1187 411 scd
1203 353 1371 425 voluntatis,
1388 373 1446 413 non
1457 356 1644 427 venditionis,
1661 358 1709 415 sed
1720 361 1882 431 potestatis.

100 445 138 499 de
152 441 310 510 sideribus,
319 459 376 499 non
384 446 498 514 poterat
506 456 570 498 csse
578 441 814 499 subueceseitatc
825 442 965 513 siderum,
1056 446 1099 502 13.
1112 445 1185 510 Quid
1198 461 1277 518 ergo,
1292 446 1408 513 iratres,
1426 448 1494 518 quia
1516 446 1575 504 illis
1598 454 1627 505 et
1654 446 1713 504 illis
1728 450 1883 521 respondi·
1944 462 1948 469 ·

101 534 240 591 conditor
254 533 398 590 siderum.
414 530 496 588 Adde
512 531 650 604 quianon
661 532 897 588 solumchristus
909 548 964 590 nou
1020 549 1097 604 mua,
1108 533 1182 590 nihil
1201 535 1331 592 dicemus
1347 536 1418 609 quid
1430 536 1486 592 sihi
1497 535 1586 593 velint
1597 537 1883 610 hydrie,quidaqua

101 621 209 679 hahuit
221 621 300 694 quod
315 617 446 693 appellas
462 620 567 690 iatum3
584 621 633 676 sed
650 635 702 676 uec
716 624 759 691 tu,
777 625 826 677 aut
837 636 900 694 ego,
916 626 967 679 eut
1020 625 1049 680 in
1065 623 1164 680 vinum
1175 640 1325 693 conversa,
1338 625 1408 698 quid
1420 625 1647 692 architriclinus,
1660 625 1729 698 quid
1741 643 1881 698 sponsus,

102 711 166 776 ills,
184 715 238 770 aut
252 710 410 783 quisquam
425 709 591 767 hominum.
1021 711 1092 785 quid
1109 716 1202 768 mater
1215 712 1285 770 Jesu
1302 713 1331 770 in
1348 715 1497 786 mysterio,
1514 714 1586 787 quid
1602 715 1671 786 ipse
1682 714 1817 787 nuptie?
1831 715 1881 770 Di·

141 805 187 859 tt.
202 800 410 858 Verumtamen
438 799 551 855 seducti
579 800 734 867 seducunt,
750 804 778 856 et
799 806 967 872 proponunt
1021 802 1113 857 canda
1129 806 1199 859 sunt
1213 803 1324 870 omnis,
1340 804 1388 860 sed
1404 803 1543 860 onerandi
1562 805 1711 862 nonestis.
1722 803 1806 860 Volui
1818 803 1882 876 qui·

98 890 237 948 fallacias
253 888 426 945 hominibus
441 903 449 944 :
465 888 591 944 tendunt
604 888 638 943 ad
651 887 965 960 capiendoshomines,
1021 891 1088 946 dem
1114 891 1286 950 innomine
1305 892 1412 949 Christi
1437 902 1463 949 et
1485 894 1623 951 hesterno
1647 895 1704 959 die,
1721 912 1779 966 quo
1807 893 1882 951 solet

99 985 132 1037 ct
147 979 245 1037 hocin
262 978 376 1051 plateis.
392 976 464 1035 Nem
484 978 535 1050 qui
551 976 677 1034 tendunt
698 979 734 1035 ad
749 978 905 1049 capiendas
920 979 964 1035 te·
1021 997 1117 1037 sermo
1132 979 1230 1037 deberi
1246 981 1385 1037 Gbaritati
1395 987 1507 1049 vestrae,
1517 983 1546 1038 id
1557 999 1642 1057 agere
1653 983 1817 1049 vobiscum,
1828 983 1880 1041 sed

101 1087 165 1142 ras,
179 1068 225 1126 vel
238 1070 267 1125 iu
279 1067 360 1125 silvis
374 1072 463 1141 atque
477 1067 508 1124 in
526 1067 685 1124 solitudine
704 1068 732 1122 id
745 1072 836 1142 agunt
853 1085 859 1124 :
878 1085 964 1142 quam
1021 1086 1079 1125 uon
1096 1086 1161 1127 aum
1179 1071 1339 1142 permissus
1355 1072 1578 1128 necessitatibus
1593 1073 1770 1145 quibusdam
1786 1073 1878 1143 impe·

95 1159 257 1217 infeliciter
266 1159 334 1216 veui
348 1161 419 1215 sunt
427 1157 573 1228 homines,
584 1157 692 1230 quibus
702 1158 849 1229 capiendis
865 1159 894 1214 in
904 1158 964 1215 loro
1022 1158 1180 1218 dientibus.
1205 1160 1234 1215 si
1253 1176 1320 1231 ergo
1331 1160 1426 1232 placet
1439 1161 1590 1218 Sanctitati
1601 1165 1714 1231 vestre,
1729 1160 1784 1220 hoc
1799 1164 1878 1235 quod

100 1246 564 1320 tenditurlliummosaccipiunt,
575 1246 822 1304 cumsehomines
833 1248 963 1304 homini·
1020 1249 1056 1306 sd
1067 1251 1239 1320 mysterium
1256 1251 1568 1322 pertinsthujuslacti,
1581 1253 1780 1310 incrastinum
1792 1253 1876 1309 dille·

97 1341 294 1397 busvenduut
306 1338 446 1408 ;dantisti
458 1354 528 1395 uum
539 1354 614 1405 mos,
625 1341 657 1393 ut
668 1353 698 1393 ss
708 1337 886 1395 vanitatibus
896 1354 963 1395 vcu-
1019 1353 1128 1405 ramus,
1140 1343 1169 1395 et
1185 1356 1241 1395 non
1258 1355 1413 1396 oneremus
1428 1344 1457 1396 et
1471 1348 1593 1397 vestram
1610 1346 1639 1397 et
1651 1349 1779 1399 nostram
1795 1340 1878 1398 intir-

97 1431 179 1487 dant.
199 1431 310 1486 latrant
325 1428 403 1485 euim
420 1427 456 1485 sd
472 1428 724 1499 matbsmaticum,
741 1433 772 1484 ut
789 1431 889 1485 amant
904 1427 959 1483 sibi
1018 1426 1160 1483 mitatem.
1171 1427 1329 1484 Suntlorte
1340 1428 1522 1485 bodiemulti
1546 1427 1876 1501 quiproptsrsolemui-

97 1520 248 1587 dominos,
262 1519 363 1592 quales
373 1517 579 1576 mathematico
594 1518 663 1574 dare
678 1516 837 1591 placuerit;
854 1518 897 1574 vel
910 1518 962 1573 Sa·
1015 1518 1105 1573 tatem
1121 1517 1190 1584 diei,
1207 1534 1264 1573 non
1274 1520 1392 1589 propter
1400 1517 1579 1573 audiendum
1591 1533 1755 1573 sermonem
1770 1533 1877 1576 conre-

97 1615 235 1678 turnum,
250 1609 293 1665 rel
304 1609 414 1678 iorem,
430 1606 475 1665 vel
490 1607 678 1674 Mercurium,
692 1606 736 1664 rel
752 1607 777 1663 si
793 1607 863 1678 quid
879 1606 958 1664 aliud
1016 1610 1133 1664 uerunt.
1149 1606 1281 1663 Crastino
1298 1607 1347 1680 qui
1358 1607 1486 1676 venient,
1495 1607 1613 1664 venient
1623 1606 1766 1676 audituri;
1782 1615 1813 1663 ut
1821 1622 1875 1663 neo

97 1699 235 1772 sacrilegi
251 1698 393 1756 nominis.
403 1697 524 1755 intrarit
534 1696 618 1765 liber,
630 1701 663 1755 ut
674 1695 889 1754 nummisdatis
900 1712 960 1753 sar·
1016 1691 1186 1753 fraudemus
1200 1697 1360 1764 studiosos,
1377 1713 1430 1753 uec
1445 1712 1601 1768 gravemus
1616 1696 1796 1757 fastidiosos.

97 1804 151 1844 rus
168 1789 272 1845 exiret.
284 1787 346 1843 lmo
360 1802 427 1843 vero
445 1802 503 1844 non
521 1786 651 1858 intraret,
666 1786 689 1841 si
704 1785 868 1842 liberasset
883 1801 890 1840 :
907 1786 958 1843 sed

95 1876 216 1936 intravit
230 1893 288 1949 quo
303 1892 371 1933 eum
385 1876 523 1932 dominus
538 1890 628 1945 error,
644 1879 673 1932 st
687 1875 804 1931 domins
813 1874 959 1947 cupiditas

94 1966 195 2024 traxit.
214 1964 293 2024 unde
305 1969 333 2022 et
343 1963 535 2022 Veritesdicit
551 1963 796 2036 :Omorsqoisecit
805 1973 957 2036 prestetum,

93 2072 191 2112 mous
207 2063 247 2112 eat
260 2053 366 2127 percuti
380 2055 473 2126 (loon.
490 2069 552 2122 vrrr,
568 2053 624 2124 34).

132 2148 177 2201 12.
195 2147 291 2214 Quare
305 2158 373 2216 ergo
389 2141 473 2209 dixit,
489 2141 614 2199 Nondum
629 2142 855 2200 omitteremus
869 2149 883 2197 ι
898 2142 959 2199 lliu-

1299 1811 1512 1869 Tancrnrtls
1532 1813 1584 1869 lX.

1015 1933 1046 1987 ln
1067 1929 1190 1988 eumdem
1214 1928 1359 1999 donacelli
1383 1929 1536 1985 tectionem.
1559 1928 1630 1998 Quid
1651 1929 1782 2001 mysterii
1795 1933 1832 1986 rit
1845 1931 1876 1986 io

1050 2020 1186 2076 miraculo
1195 2023 1269 2090 tacto
1279 2019 1309 2073 in
1324 2017 1429 2091 nuptiis
1444 2017 1517 2090 opud
1529 2017 1605 2075 Corra
1621 2018 1753 2078 Gattteae.
1765 2019 1830 2092 Cep.
1842 2035 1874 2089 rr,

1054 2112 1083 2180 i.
1099 2110 1126 2165 l·
1136 2111 1180 2166 tt.

94 2237 143 2309 gis
158 2234 232 2307 quia
246 2233 275 2290 ia
291 2237 433 2304 potestate
443 2231 568 2289 habebat
578 2233 694 2303 quando
705 2238 877 2299 moreretur,
890 2248 957 2288 non.
1049 2236 1075 2293 l.
1092 2235 1177 2295 ausit
1191 2234 1334 2291 Dominus
1347 2235 1423 2292 Deus
1440 2239 1549 2302 noster,
1566 2241 1599 2292 ut
1612 2237 1701 2293 donet
1711 2236 1795 2294 uobis
1806 2238 1871 2293 red·

95 2326 169 2381 dum
180 2323 298 2381 ridebat
314 2326 584 2395 esseopportunum
601 2325 632 2377 ut
647 2321 698 2378 illa
709 2325 851 2394 potestate
867 2325 959 2378 utera·
1012 2328 1081 2382 dere
1095 2325 1174 2396 quod
1189 2323 1389 2397 promisimus.
1407 2325 1546 2382 Hesterno
1557 2325 1635 2381 enim
1651 2325 1709 2394 die,
1724 2325 1750 2382 si
1765 2324 1872 2381 memi-

95 2425 153 2471 tur.
163 2414 388 2480 Quomodouos,
403 2413 518 2482 iratres,
530 2411 608 2468 uerbi
618 2411 722 2485 gratia,
739 2412 781 2468 sic
797 2410 956 2484 loquimur,
1013 2416 1055 2472 nit
1070 2415 1215 2471 Sanctitas
1231 2418 1336 2482 vestra,
1353 2431 1421 2470 cum
1437 2415 1577 2486 temporis
1589 2414 1871 2471 excluderemurau·

93 2509 161 2562 tarn
178 2508 260 2561 certa
273 2503 347 2560 hora
374 2506 429 2569 est,
445 2517 503 2573 qua
517 2516 655 2558 exeamus
671 2503 703 2557 ut
718 2501 897 2557 celebremus
913 2518 959 2557 sa·
1012 2504 1120 2580 gustis,
1136 2520 1172 2561 ne
1188 2520 1352 2562 sermonem
1363 2505 1531 2561 inchoatum
1546 2504 1749 2578 impleremus,
1766 2505 1796 2560 in
1813 2504 1871 2561 ho-

96 2593 278 2652 crementa?
292 2595 322 2650 Si
337 2595 403 2649 aute
429 2607 568 2649 exeamus
591 2606 679 2663 quam
699 2607 772 2662 opus
794 2594 848 2657 est,
860 2607 957 2648 nouus
1012 2593 1418 2661 diernumdistulimus,uteu
1429 2593 1533 2666 quasin
1545 2594 1598 2652 hoc
1611 2594 1869 2668 iactoevaugelicar

97 2683 228 2759 perversi
239 2687 267 2739 ot
278 2679 581 2755 preposterirumusi
596 2679 744 2752 Quitetsso
754 2695 811 2736 11011
820 2679 956 2750 fecimus,
1010 2684 1144 2743 lectionis
1165 2683 1288 2757 mystice
1306 2685 1336 2739 in
1361 2684 1552 2740 sacramentis
1572 2684 1666 2755 posita
1680 2687 1790 2754 esseut,
1804 2684 1869 2756 ipso

95 2775 152 2832 nisi
168 2775 288 2846 quando
304 2775 502 2846 opportunum
514 2774 577 2840 est;
593 2773 744 2843 pmpterea
760 2769 789 2825 in
811 2768 855 2826 bis
870 2784 957 2841 agen·
1011 2775 1166 2846 adjuvaute
1181 2773 1374 2846 aperirentur.
1391 2773 1454 2830 Non
1470 2774 1570 2847 itaque
1585 2790 1659 2845 opus
1675 2776 1795 2845 estjam
1811 2773 1868 2829 im·
1913 2834 1918 2839 ,

94 2866 153 2933 dis,
162 2864 278 2923 comita
293 2863 453 2936 loquimur,
467 2862 557 2918 iatum
570 2861 814 2918 consideramus‘l
827 2859 901 2926 Ouid
912 2864 957 2918 ast
1011 2863 1119 2920 morari
1133 2863 1244 2919 diutius
1258 2863 1290 2918 in
1314 2864 1548 2919 commendando
1565 2864 1612 2921 Dei
1630 2864 1784 2921 miraculo.
1801 2862 1867 2935 lpse

96 2953 401 3028 ergo,ttondomoenit
409 2952 478 3009 hora
490 2967 551 3008 mee
563 2950 705 3015 iQuaudo
717 2965 769 3021 ego
781 2949 841 3006 ecio
853 2965 957 3023 oppor-
1010 2956 1054 3008 est
1064 2952 1225 3008 enlmDeus
1236 2952 1344 3022 quiper
1355 2951 1520 3007 universam
1530 2957 1694 3009 creaturam
1702 2952 1863 3024 quotidiam
1934 2992 1937 2997 .

92 3050 202 3101 tuuum
218 3060 264 3101 me
279 3042 468 3115 pati,quaudo
481 3040 579 3115 passio
591 3056 654 3098 mea
666 3040 745 3097 utilis
756 3037 955 3106 erit,nondum
1010 3039 1152 3098 miracula
1169 3041 1248 3110 lbcit,
1264 3055 1327 3112 qua
1343 3040 1579 3097 hominibusnon
1592 3042 1741 3110 facilitate,
1752 3041 1803 3099 ssd
1818 3058 1867 3097 as-

93 3133 174 3190 rsuit
191 3133 257 3207 ipsa
270 3131 361 3200 bora,
378 3135 449 3189 tuuc
461 3131 609 3188 voluntate
620 3130 713 3204 patiar
730 3147 736 3185 :
751 3134 784 3186 ut
798 3132 957 3203 utrumque
1010 3131 1145 3187 siduitate
1159 3129 1306 3187 viluerunt
1322 3146 1407 3185 :reru
1422 3134 1517 3186 autem
1528 3147 1592 3202 que
1605 3132 1679 3187 lacta
1689 3136 1760 3187 suut
1770 3131 1806 3188 ab
1822 3146 1867 3187 eo·

94 3239 196 3280 servas
211 3221 233 3292 ¹,
250 3224 290 3288 et,
310 3220 440 3278 Nondum
459 3223 534 3277 venit
557 3220 625 3276 hora
647 3235 707 3276 mee
717 3237 729 3285 ,·
742 3223 771 3275 et
791 3222 957 3276 votestatem
1010 3221 1077 3276 dem
1093 3219 1227 3285 Domino,
1244 3219 1272 3274 id
1286 3223 1332 3276 est
1346 3236 1362 3274 a
1376 3219 1470 3275 Verbo
1496 3227 1613 3291 pmpter
1636 3237 1690 3276 nos
1705 3220 1866 3291 incarnato,

93 3314 182 3370 iubeo
197 3311 317 3385 ponendi
337 3311 462 3368 unimam
472 3326 572 3374 meum,
587 3313 728 3368 etiterum
743 3311 954 3367 sumendiecm.
1010 3312 1151 3382 majorem
1172 3315 1319 3380 stuporem
1342 3308 1511 3365 bominibus
1532 3309 1694 3367 attulerunt
1705 3328 1712 3366 :
1724 3324 1782 3366 nou
1796 3309 1866 3381 quis

96 3403 228 3460 Venerat
238 3417 307 3475 ergo
322 3400 432 3458 habeus
457 3401 486 3458 iu
497 3405 638 3474 potestate
654 3401 770 3472 quando
786 3404 956 3457 moreretur.
1011 3399 1122 3472 maj0ra
1136 3402 1229 3467 eraut,
1241 3413 1329 3471 quam
1346 3403 1414 3454 sunt
1429 3414 1462 3454 aa
1473 3415 1536 3470 quae
1548 3399 1675 3470 quotidie
1691 3399 1720 3454 iu
1732 3400 1863 3453 creatura

92 3494 131 3550 At
145 3492 172 3550 si
183 3495 252 3548 ante
267 3495 426 3549 moreretur
441 3506 529 3565 quam
547 3489 708 3564 discipulos
722 3489 866 3561 elegisset,
881 3496 956 3546 certe

93 3586 307 3657 praeposterum
322 3585 401 3638 esset
414 3597 423 3638 ε
434 3580 460 3637 si
474 3588 548 3638 esset
564 3581 649 3637 bomo
665 3579 713 3652 qui
723 3596 779 3636 uon
795 3579 955 3636 haberetis

92 3675 244 3746 potestate
258 3671 358 3728 boram
369 3687 467 3742 suam,
482 3674 582 3744 posset
597 3673 663 3727 ante
677 3668 750 3727 mori
764 3685 853 3742 quam
874 3669 956 3726 disci·

91 3760 182 3832 pulos
196 3759 330 3833 elegisset
342 3777 349 3829 ;
366 3763 394 3815 et
404 3758 429 3815 si
445 3758 516 3816 torte
530 3759 759 3829 morereturjem
775 3757 873 3814 clectis
886 3774 953 3815 cru·

90 3850 224 3924 ditisque
239 3848 402 3921 discipulis,
414 3852 599 3920 prestaretur
613 3848 651 3915 ei,
665 3863 722 3904 non
732 3848 795 3920 ipse
805 3847 859 3903 hoc
880 3847 954 3905 laec-

89 3942 148 3996 ret.
163 3945 201 3995 st
211 3954 280 3996 vero
291 3939 340 4011 qui
357 3944 473 3995 venerat
487 3937 517 3994 iu
535 3953 622 3994 mauu
634 3937 745 3994 habens
758 3937 875 4010 quando
886 3936 954 4007 iret,

91 4027 216 4100 quando
226 4025 346 4094 rediret,
357 4041 517 4099 quousque
528 4028 703 4096 excurreret,
714 4025 760 4082 cui
773 4029 904 4096 paterent
914 4025 953 4082 in·

89 4115 158 4185 ieri,
175 4132 233 4173 uon
250 4120 366 4173 tentum
383 4115 529 4186 morienti,
546 4116 595 4172 sed
612 4123 639 4171 et
650 4114 821 4186 resurgenti,
832 4115 953 4172 utncbis

89 4206 260 4264 ostenderat
275 4222 357 4279 spem
373 4204 601 4262 immortalitatis
620 4203 755 4262 Ecclesia
770 4221 841 4269 sua,
858 4205 887 4261 iu
902 4222 952 4261 cs·

88 4299 153 4372 pile
166 4296 296 4356 ostendit
307 4297 385 4371 quod
402 4296 535 4353 membre
549 4299 717 4368 exspectare
736 4295 885 4353 deberent.
899 4301 952 4355 Re-

86 4391 194 4462 surget
209 4387 297 4444 etiam
321 4386 352 4442 in
376 4386 486 4444 ceteris
509 4385 659 4454 membris,
676 4386 726 4460 qui
751 4386 905 4443 resurrexit
920 4388 950 4444 in

88 4476 199 4549 capite.
214 4478 291 4532 Hora
304 4491 373 4550 ergo
388 4476 518 4533 nondum
528 4479 656 4543 venerat,
665 4475 868 4547 opportunitas
879 4491 950 4532 uon·

87 4568 244 4624 dumerat.
258 4564 387 4624 vocanti
398 4569 481 4623 eraut
493 4563 640 4639 discipuli,
649 4565 950 4623 annuntiandumerat

89 4671 219 4730 regnum
241 4655 394 4727 caelorum,
409 4655 547 4712 iacienda
563 4656 647 4712 erunt
661 4653 794 4726 virtutes,
805 4670 949 4712 commen-

89 4745 192 4802 danda
205 4746 268 4801 erat
286 4741 425 4800 divinitas
442 4742 556 4799 Domini
575 4743 605 4799 iu
623 4741 779 4811 miraculis,
796 4758 949 4800 commen-

86 4831 264 4889 dandaarat
287 4831 457 4889 humanitas
471 4830 586 4888 Domini
611 4831 641 4887 iu
664 4830 728 4903 ipse
749 4832 949 4910 compassione

87 4923 290 4982 mortalitstis.
305 4922 443 4980 llleenim
459 4923 509 4998 qui
525 4921 681 4988 esuriebat,
693 4922 763 4994 quia
776 4921 863 4978 homo
874 4926 945 4978 erat·

85 5014 169 5087 pavit
182 5012 317 5086 quinque
332 5013 458 5086 panibus
471 5015 514 5070 tot
528 5011 707 5086 millia,lquia
718 5011 795 5069 Deus
809 5016 869 5069 erat
880 5012 947 5085 :qul

85 5101 267 5171 dormiebat,
284 5101 353 5177 quia
367 5102 456 5159 bomo
471 5105 544 5172 erat,
559 5101 652 5159 ventis
663 5105 692 5158 et
705 5100 844 5158 fluctibus
858 5101 947 5173 impe·

84 5194 183 5266 rabat,
208 5192 279 5267 quia
301 5192 379 5252 Deus
408 5197 479 5252 erat.
504 5193 574 5250 lieo
594 5193 694 5249 omnia
717 5193 947 5251 commendanda

83 5290 172 5343 erant
193 5286 287 5358 prius,
309 5289 342 5343 ut
365 5288 443 5343 esset
463 5284 541 5358 quod
564 5284 725 5342 scriberent
743 5282 945 5356 Evangelistae,

84 5375 164 5450 quod
186 5373 410 5448 prediceretur
424 5372 566 5431 Dcelesie.
592 5375 630 5429 At
651 5373 701 5430 ubi
728 5376 842 5430 tentum
868 5373 945 5445 lacit,

85 5469 234 5540 quantum
259 5465 391 5523 sutilcsre
403 5465 546 5538 judicavit
560 5465 656 5532 ;venit
671 5465 744 5522 bora
765 5481 823 5522 nou
848 5479 946 5525 neces·

118 5568 129 5602 ¹
146 5563 176 5614 lu
194 5563 297 5629 abquot
312 5565 386 5626 lise,
400 5566 427 5616 et
438 5565 580 5630 atrumque
590 5577 679 5615 oerum
695 5567 743 5619 est.

1010 3489 1091 3558 iacit,
1102 3489 1152 3545 ssd
1168 3489 1238 3561 quia
1252 3488 1307 3543 istu
1323 3504 1386 3559 que
1402 3487 1530 3559 quotidie
1556 3489 1640 3557 fiunt,
1655 3492 1796 3558 tanquam
1808 3501 1860 3541 ue·

1008 3580 1098 3636 turali
1112 3594 1200 3635 cursu
1213 3580 1412 3650 peraguntur;
1427 3576 1478 3635 illa
1496 3593 1563 3634 vero
1585 3576 1712 3635 elllcacia
1726 3577 1860 3650 potentia
1955 3606 1958 3611 ·

1008 3665 1864 3741 tanquampraesentisexhibitavidenturcculishominum.

1009 3760 1149 3829 Diximus,
1162 3759 1235 3815 sicut
1252 3758 1442 3828 meministis,
1458 3757 1617 3814 resurrexit
1629 3774 1707 3815 uuus
1718 3763 1860 3825 mortuus,

1008 3849 1226 3922 obstupuerunt
1241 3848 1393 3919 bominss;
1409 3863 1474 3904 cum
1492 3847 1620 3920 quotidie
1640 3848 1721 3904 nasci
1738 3848 1788 3920 qui
1804 3864 1862 3905 nou

1007 3945 1100 4010 erant,
1113 3955 1198 3996 nemo
1213 3939 1346 3996 miretur.
1360 3939 1408 3994 Sic
1424 3953 1531 4010 nquam
1543 3938 1681 3995 invirum
1693 3953 1864 3994 conversum

1007 4030 1073 4103 quis
1090 4047 1147 4085 nou
1165 4029 1296 4094 miretur,
1313 4045 1380 4085 cum
1412 4028 1465 4085 boc
1489 4028 1575 4084 annis
1590 4029 1726 4084 omuibus
1741 4027 1818 4085 Deus
1834 4027 1861 4082 in

1006 4119 1114 4174 vitibus
1129 4117 1241 4177 saciati
1255 4118 1310 4174 Sed
1326 4116 1502 4189 quiaomnia
1514 4134 1577 4190 qua
1587 4116 1864 4173 iccitDominusJe·

1005 4224 1067 4275 eus,
1083 4204 1396 4264 nonsolumvalentad
1420 4206 1573 4262 excitanda
1598 4206 1685 4260 corda
1701 4207 1800 4260 nostre
1811 4205 1862 4259 mi.

1007 4296 1123 4367 reculis,
1139 4298 1188 4353 sed
1205 4295 1291 4352 etiem
1320 4297 1353 4351 ad
1385 4295 1556 4350 edificanda
1579 4294 1609 4348 in
1624 4292 1757 4348 doctrina
1773 4291 1863 4356 ildei;

1004 4387 1128 4444 scrutari
1145 4400 1198 4441 nos
1209 4387 1323 4455 oportct
1334 4384 1403 4454 quid
1421 4382 1475 4438 sibi
1487 4382 1577 4437 velint
1587 4381 1635 4437 illa
1648 4380 1756 4449 omnia,
1765 4380 1794 4436 id
1804 4386 1861 4447 est,

1004 4476 1072 4550 quid
1082 4472 1376 4547 significentllorum
1387 4471 1464 4526 enirn
1476 4473 1606 4527 omnium
1619 4470 1859 4544 significationes,

1003 4567 1080 4624 sicut
1092 4561 1293 4631 recordamini,
1306 4561 1336 4618 ln
1352 4561 1527 4618 hodiernum
1545 4559 1726 4618 distulimus.

1036 4657 1064 4710 2.
1080 4653 1162 4721 Quod
1177 4652 1320 4709 Dominus
1331 4651 1471 4708 invitatus
1485 4651 1564 4706 venit
1577 4651 1613 4706 ad
1625 4651 1754 4724 nuptias,
1770 4651 1859 4710 etiam

1001 4748 1118 4818 exceptu
1128 4743 1251 4816 mystica
1263 4740 1488 4815 significatione,
1498 4742 1671 4799 confirmare
1682 4742 1858 4814 voluitquod

1001 4836 1063 4908 ipse
1074 4835 1138 4891 lecit
1149 4832 1267 4906 nuptias
1282 4834 1302 4886 ¹.
1320 4832 1419 4888 Futuri
1432 4831 1509 4889 anim
1521 4836 1615 4899 erant,
1626 4833 1660 4889 de
1671 4832 1778 4904 quibus
1786 4830 1858 4886 dixit

1000 4923 1163 5000 Apostolus,
1184 4921 1372 4991 prohibentes
1394 4920 1503 4978 nubere
1526 4921 1549 4994 (l
1563 4922 1629 4977 Tim.
1652 4937 1690 4987 rr,
1711 4919 1750 4992 3),
1766 4922 1795 4975 et
1809 4918 1858 4973 di-

1000 5019 1098 5072 centes
1114 5012 1191 5085 quod
1207 5010 1317 5068 malum
1333 5018 1431 5068 essent
1445 5011 1566 5082 nuptie,
1581 5015 1608 5065 et
1627 5009 1702 5080 quod
1720 5006 1856 5064 diabolus

1000 5120 1050 5162 ees
1064 5104 1190 5160 lecisset:
1201 5102 1349 5158 cumidem
1359 5102 1497 5158 Dominus
1507 5097 1618 5155 dicstln
1632 5096 1795 5169 Evangelio,
1807 5095 1857 5152 iu-

999 5188 1855 5268 terrogetusutrumliceatbominidimittereuxoremsuern

999 5303 1034 5344 ex
1049 5284 1180 5359 qualibet
1193 5297 1356 5348 causa,non
1367 5280 1454 5336 licere
1464 5281 1583 5348 excepta
1593 5293 1682 5334 causa
1693 5277 1858 5335 tornicstio·

999 5378 1055 5433 nis.
1072 5379 1104 5432 lu
1122 5390 1180 5446 qua
1196 5369 1393 5442 responsione,
1410 5368 1433 5423 si
1445 5366 1630 5437 meministis,
1645 5367 1748 5425 bocait
1759 5383 1766 5424 ε
1779 5367 1857 5438 Quod

1000 5472 1074 5524 Deus
1099 5463 1258 5534 conjunxit,
1283 5460 1361 5516 bomo
1383 5473 1439 5516 nors
1456 5462 1562 5532 separet
1576 5457 1688 5532 (narrt.
1708 5475 1767 5531 ιιι,
1783 5459 1853 5532 3-6).
1962 5540 1966 5547 Ι

1032 5566 1040 5599 ¹
1059 5563 1118 5613 lisa.
1134 5572 1187 5609 uon
1202 5557 1307 5608 addunt
1321 5556 1374 5620 hic,
1391 5557 1504 5624 nuptias.
