3952 6150
124 184 195 240 226l

122 311 173 366 tur
187 326 194 364 :
206 307 259 382 qui
271 323 340 365 eum
354 310 518 368 accersitus
527 317 634 370 assota
647 312 757 370 Balach
771 313 811 371 ad
825 313 952 371 maledi·

121 380 254 438 cendum
270 380 416 452 populum
429 383 487 449 liei,
500 383 602 440 divino
617 392 690 441 nutu
703 385 879 442 benedicere
893 402 952 442 coe·

121 453 175 579 pit.
188 454 229 507 Ex
240 452 331 523 hujus
347 467 418 523 ergo
429 453 571 511 relatione
582 462 770 529 compertum
786 457 949 525 habebant,

136 531 258 579 uturum
281 524 329 579 Dei
349 525 538 596 providentia
562 544 599 583 ex
620 529 713 584 lacot)
729 528 779 602 qui
801 544 831 584 re
855 535 948 585 naret.

121 595 199 650 Hinc
213 595 303 676 enim,
320 595 402 666 quod
427 611 486 652 non
508 599 553 653 est
571 599 733 663 occultum,
761 544 950 672 propffietavit

121 665 236 729 dicens,
250 665 366 722 uratur
377 667 455 722 stella
464 668 758 741 cclcccb,etc.(Num.
768 671 948 798 unumvp.

123 740 214 794 istam
230 751 301 807 ergo
317 738 507 795 traditionem
523 743 567 796 lla
591 742 713 808 isecuti,
727 742 861 797 videntes
878 748 921 798 ste
936 773 948 785 -

121 808 185 865 lam
200 814 284 864 extra
294 810 431 865 ordinem
442 812 559 875 mundi,
570 757 651 869 {ane
664 830 731 869 csse
745 813 950 870 intellexerunt

122 896 216 953 qnam
245 878 509 937 Balaamluturnm
534 883 663 940 indicem
685 885 763 955 regis
777 884 949 941 ludaeorum

123 951 363 1024 prophetaverat.
378 951 464 1020 Quod
474 954 597 1026 quidem
609 956 719 1010 iactum
735 961 838 1013 contra
854 957 949 1012 inimi·

122 1039 176 1079 eos
191 1022 344 1093 religionis
357 1030 409 1079 eet.
424 1024 496 1080 lude
511 1025 589 1080 enim
616 1027 818 1083 testimonium
835 1028 950 1100 accepit

123 1094 205 1221 undp
220 1094 475 1178 suoletimprobari.
491 1096 643 1168 Astrologi
654 1099 733 1154 euim
745 1097 858 1155 inimici
879 1106 949 1155 sunt

123 1172 264 1222 vertatis.

159 1238 200 1307 (c)
215 1237 247 1293 lli
260 1236 341 1307 Magi
354 1236 480 1295 chaldei
495 1253 556 1294 non
570 1238 787 1303 malevolentia,
803 1246 857 1296 etc.
870 1239 947 1296 Orie-

124 1315 173 1364 txu·
186 1308 264 1364 stello
273 1325 307 1364 ee
318 1308 410 1374 Jacob,
424 1316 449 1364 ct
464 1326 545 1365 eccur
563 1317 589 1365 et
600 1311 676 1366 bomo
690 1311 721 1366 dc
736 1311 833 1375 lsrael,
848 1318 873 1367 ct
888 1327 948 1368 ecu-

123 1379 229 1451 sriuqet
242 1379 320 1435 duces
335 1380 422 1447 ucat,
439 1386 464 1435 et
477 1327 649 1452 pressantur
659 1399 749 1438 omnes
760 1383 832 1454 filios
841 1382 948 1451 Setb,et

122 1451 178 1506 crit
189 1451 500 1524 lidorultaercditcsejeu,
510 1459 564 1509 etc.
579 1455 644 1509 llaec
660 1469 730 1523 ergo
740 1455 948 1526 prophetiaest

123 1520 405 1605 Balaam,nonquia
419 1523 474 1579 fuit
494 1524 712 1596 prophetasad
736 1528 947 1581 [teuscausam

123 1593 228 1665 populi
243 1594 288 1648 sui
308 1601 368 1664 egit
380 1610 433 1666 per
446 1594 539 1662 illum,
557 1610 618 1651 non
633 1596 831 1652 voluntarium
842 1597 893 1653 sed
903 1598 946 1652 in·

123 1664 217 1720 vitum
234 1665 333 1746 :sicut
345 1666 541 1792 prophetasse
554 1667 748 1743 inveniuntur
764 1668 864 1723 missia
878 1667 948 1724 Saul

123 1735 163 1791 ad
180 1735 273 1791 narrd
285 1751 392 1808 eaprcn
419 1754 480 1803 um,
496 1743 523 1793 et
539 1740 614 1795 sicut
631 1739 695 1812 ipse
711 1739 780 1796 Saul
794 1755 863 1795 oum
888 1740 948 1794 dic·

122 1811 188 1862 lum
204 1813 258 1874 est,
288 1807 428 1880 Numquid
442 1815 466 1864 et
482 1808 547 1864 Sutil
568 1810 643 1866 iuter
668 1811 816 1881 Prophetae
835 1810 856 1883 (l
882 1810 945 1881 lleq.

121 1892 185 1958 xix,
198 1877 316 1950 nuth?
330 1881 400 1936 ilinc
415 1881 631 1952 enimprobare
642 1882 732 1937 voluit
745 1882 821 1937 Deus
832 1893 948 1953 quanta

123 1953 161 2005 srt
176 1950 321 2021 majestas
343 1950 392 2007 ttei
415 1950 600 2018 ludaeorum,
641 1953 748 2008 tticum
770 1952 947 2008 maledicere

121 2028 256 2087 venerat,
273 2023 424 2087 convertit,
437 2030 469 2078 ut
479 2023 593 2079 bonum
608 1969 646 2079 ἰῇ·
663 2025 810 2080 videretur
825 2023 947 2080 benedi-

122 2107 189 2147 cere
201 2092 347 2165 populum
365 2095 495 2150 [leidae
508 2095 586 2151 enim
608 2095 801 2151 maledictum
814 2096 879 2167 ejus
896 2110 948 2166 po·

123 2168 199 2219 terat
213 2165 326 2232 timere,
343 2165 429 2236 cujus
442 2181 494 2221 eor
507 2166 677 2222 habebatiu
694 2171 849 2240 potestate.
863 2167 946 2222 llune

122 2249 196 2306 ergo
208 2235 385 2308 prophetam
414 2237 492 2292 hanc
511 2238 664 2293 intimasse
680 2237 800 2306 collegis
818 2238 879 2294 suis
896 2239 947 2294 da·

122 2305 311 2378 turiutelligi,
327 2307 458 2380 quicum
474 2309 582 2365 curiosi
595 2308 946 2373 euntciroaastra,viden·

123 2382 167 2433 tes
188 2377 304 2434 stellam
320 2378 511 2451 incognitam,
532 2385 560 2435 et
573 2379 664 2436 nimia
678 2380 809 2436 claritate
824 2380 943 2451 fulgen·

123 2452 195 2516 tem,
210 2449 251 2504 ita
273 2449 407 2506 utsolem
427 2451 493 2507 luoe
504 2455 660 2522 superaret
677 2450 851 2522 (videbatur
865 2452 945 2506 enim

122 2533 178 2646 per
192 2520 293 2588 diem),
310 2520 494 2578 conterentes
518 2524 593 2578 inter
605 2538 647 2590 se,
673 2522 947 2578 animadverterunt

145 2606 203 2646 ano
213 2591 501 2664 essestellamquam
512 2593 640 2649 futuram
652 2594 765 2650 dixerat
774 2593 909 2649 Balaam.

159 2661 251 2719 lxlv.
269 2693 297 2704 -
315 2664 473 2729 Quomodo
494 2664 639 2735 probatur
654 2671 722 2735 post
743 2669 801 2720 tres
829 2665 893 2720 dies
917 2668 947 2720 et

121 2738 226 2790 noctes
238 2735 432 2790 resurrexisse
447 2734 631 2793 salvatorem
644 2752 680 2793 ex
692 2736 841 2792 mortuis?

159 2806 191 2860 ln
203 2805 259 2861 heo
271 2805 397 2861 causasi
411 2807 738 2862 numerumdierumao
754 2808 884 2862 noctium
915 2821 946 2862 er

121 2874 259 2933 ordinem
270 2877 408 2948 requiris,
421 2876 558 2933 ellectum
573 2878 771 2947 intelligentiae
783 2894 842 2933 non
857 2822 946 2934 hage-

121 2947 178 3003 bis.
205 2947 281 3013 Quia
297 2955 325 3003 et
342 2950 453 3020 Moyses
481 2949 597 3020 quadra
621 2950 682 3004 inte
704 2950 811 3005 diebus
830 2954 858 3004 et
893 2965 947 3004 ua-

120 3018 261 3089 draginta
285 3019 424 3075 noctibus
438 3020 585 3090 jejunarit
600 2966 704 3091 ῗΕιοά.
727 3036 826 3083 xxxiv,
843 2965 900 3092 285,
918 3025 946 3076 et

122 3095 224 3146 tamen
250 3105 311 3146 non
332 3093 445 3160 integer
467 3107 610 3149 numerus
626 3091 798 3147 invenitur:
844 3090 946 3147 trando

121 3161 203 3217 enim
218 3176 272 3232 per
284 3162 363 3217 diem
375 3162 554 3231 ascendil,et
563 3162 701 3235 perdiem
710 3107 874 3231 descendit,
883 3177 946 3217 om·

119 3247 192 3289 nem
210 3232 312 3304 utique
323 3249 482 3289 numerum
498 3249 557 3289 non
571 3233 704 3305 implevit
718 3251 724 3290 :
739 3233 792 3290 sed
807 3234 878 3307 qnia
894 3233 946 3289 ubi

117 3303 185 3359 dies
199 3308 449 3376 estcomputatur
464 3321 533 3372 nox,
545 3310 574 3361 et
591 3305 641 3360 ubi
655 3321 714 3360 nox
730 3311 775 3360 est
788 3320 854 3361 eom
880 3310 946 3360 ula-

119 3379 167 3430 tur
183 3380 210 3431 et
220 3375 294 3442 dies,
311 3381 342 3432 ut
353 3381 459 3448 aparte
473 3376 622 3442 adtotum,
634 3376 835 3502 quadraginta
869 3376 947 3431 isset

120 3446 323 3516 qnadraginta
343 3452 445 3504 noctes
467 3447 619 3504 dicuntur.
652 3454 681 3503 ta
703 3454 749 3503 est
775 3447 855 3517 quod
872 3447 946 3502 dixit

120 3517 267 3589 Salvator,
276 3517 352 3573 Sicut
361 3518 422 3586 suit
431 3519 514 3574 Jonas
539 3519 569 3573 ιιι
581 3526 674 3574 uentre
688 3520 741 3574 ceti
753 3520 839 3574 tribes
853 3518 946 3573 diebus

119 3594 145 3644 et
173 3588 263 3644 tribus
288 3590 416 3656 uectibus,
438 3590 477 3645 itu
497 3591 552 3645 erit
568 3590 660 3645 Filius
674 3590 788 3645 bominis
813 3591 844 3644 iu
867 3589 944 3645 corde

121 3661 383 3725 terraetlictth.xu‚
395 3663 450 3732 to).
468 3661 584 3734 thuia
602 3668 659 3716 tres
672 3667 773 3717 noctes
792 3667 870 3726 sunt,
887 3667 946 3717 tres

122 3730 308 3797 accipiantur
321 3737 349 3788 et
361 3731 434 3787 dies.
452 3734 500 3789 Est
524 3733 604 3788 enim
624 3747 682 3788 nox
698 3748 735 3788 ne
757 3748 868 3787 novum
895 3737 947 3786 aut

126 3807 232 3857 eontra
247 3803 394 3859 rationem
411 3803 484 3858 forte
495 3803 639 3868 videatur,
655 3809 760 3859 utonm
773 3819 831 3858 nox
851 3819 887 3859 ex
898 3803 945 3858 die

120 3872 252 3946 pendeat
265 3890 394 3931 :naman
405 3879 433 3929 te
444 3873 543 3930 lucem
555 3874 674 3938 laetam,
687 3891 722 3930 ex
746 3873 946 3946 qnaappella·

121 3948 219 4000 tusesl
242 3946 315 4011 dies,
348 3961 440 4019 quam
460 3961 620 4017 vesperum
633 3946 716 4019 quod
736 3945 871 4017 sequitur
887 3961 946 4001 nox

123 4016 947 4088 institutum,minimedubitatur,quodpassiollomini·

121 4102 158 4142 ca
173 4094 284 4145 enocte
301 4095 612 4144 sumereasseveratur
625 4088 754 4153 initium,
767 4103 826 4143 non
840 4088 947 4143 absur-

120 4158 196 4213 dum
209 4164 263 4213 est.
277 4158 351 4215 Nam
368 4158 513 4224 sicutlux,
526 4159 800 4229 idestdies,imag0
816 4160 946 4224 vitassem

121 4229 163 4285 ita
173 4244 233 4285 nox
248 4230 411 4286 similitudo
425 4231 529 4286 mortis
541 4236 595 4296 est,
607 4231 634 4285 id
650 4236 694 4286 est
707 4230 854 4286 tenebra:
871 4230 948 4285 sicut

121 4301 152 4356 in
169 4299 327 4373 Scripturis
341 4301 491 4358 evidenter
507 4301 707 4357 ostenduntur
720 4301 773 4359 filii
789 4301 872 4362 lucis,
889 4308 918 4356 et
932 4316 947 4355 e

121 4376 227 4427 contra
240 4373 441 4429 tenebrarum.
457 4374 631 4429 Neomirum
646 4373 745 4428 sicum
762 4372 874 4443 ubique
884 4372 947 4427 dies

121 4444 215 4510 noeti,
235 4449 263 4499 et
280 4442 382 4499 lumen
398 4444 538 4510 tenebris,
555 4444 603 4500 hic
619 4444 715 4500 solum
732 4459 799 4514 qum
822 4447 891 4497 sunt
904 4458 948 4497 se-

122 4514 247 4587 quentia
262 4515 682 4587 anterioribusprreponantur
693 4537 699 4579 ;
711 4517 758 4573 vel
773 4514 852 4586 quod
861 4513 946 4569 iulali

122 4601 219 4641 causa
232 4602 329 4641 rerum
344 4587 419 4641 ordo
432 4586 626 4642 contunditur
638 4591 668 4642 et
679 4591 817 4654 mutatur,
834 4591 866 4641 ut
880 4592 948 4641 aute

124 4656 320 4729 signavimus.
333 4659 405 4713 Nam
423 4656 949 4730 mortisnoxmagis,quamdiesesse

121 4728 250 4783 videtur.
266 4729 449 4784 ldeoetenim
465 4745 483 4783 a
498 4734 584 4785 nocte
594 4729 710 4785 initium
727 4729 863 4795 sumitur,
877 4729 950 4800 qnia

123 4814 186 4854 non
202 4799 618 4926 aliterprincqpiteuebrarum
630 4800 686 4855 nisi
701 4816 753 4871 por
768 4804 886 4855 noctem
897 4815 948 4871 po·

124 4868 379 4941 tuitsubintrari,i
412 4876 456 4927 est
471 4887 531 4926 non
552 4871 731 4942 potuitvinci
741 4887 747 4927 :
759 4876 786 4926 et
797 4876 826 4925 ul
837 4871 950 4942 aliqua-

124 4946 211 4997 tenus
223 4942 368 4998 Dominus
381 4942 466 5007 lucis,
483 4942 512 4997 id
533 4948 578 4997 est
591 4948 708 4998 oeternae
731 4942 806 5006 vitre,
823 4941 949 5013 principi

125 5013 317 5069 tenebrarum
330 5014 503 5069 siremortis
516 5013 666 5084 subjectus
676 5018 756 5068 esset
768 5012 806 5067 ad
818 5019 949 5084 tempus;

122 5088 272 5154 quatenus
287 5089 315 5140 et
330 5084 496 5157 prseteritos
513 5091 624 5156 etpost
642 5085 757 5140 tuturos
773 5098 791 5138 a
808 5103 819 5112 ·⁴
838 5089 901 5138 orte
919 5083 951 5136 ll-

122 5154 252 5211 beraret.
269 5159 342 5212 Nam
359 5171 419 5212 non
433 5163 596 5212 essetmors
625 5155 950 5212 euituseracuata.neo

124 5242 260 5298 unquam
278 5227 469 5283 tenebrarum
483 5228 580 5300 caligo
616 5228 742 5292 isoussa,
759 5226 949 5280 sillominum

123 5313 185 5353 non
202 5298 325 5355 vidisset
341 5299 572 5356 subintrantem.
594 5298 707 5353 Etenim
723 5302 807 5353 tantu
824 5295 888 5351 luce
903 5311 952 5350 ee-

123 5375 239 5425 eretum
252 5371 365 5435 mortis,
383 5371 412 5425 in
427 5387 489 5442 quo
507 5369 733 5437 dominabatur,
748 5368 879 5432 evannit,
896 5382 951 5423 neo

124 5441 245 5513 penitus
258 5442 337 5496 vinei
349 5442 489 5512 potest,ni
499 5440 516 5496 :i
529 5442 581 5513 qui
598 5440 641 5495 rel
658 5455 711 5511 per
721 5455 773 5494 sua
789 5438 832 5493 vel
844 5440 872 5493 in
890 5439 951 5494 suis

124 5511 255 5583 capitur.
265 5515 350 5569 Recte
360 5514 467 5583 ergoin
483 5511 533 5568 tali
548 5511 666 5580 negotio
676 5511 951 5566 tautummodoncx

882 185 1079 246 seranum.

1760 194 1832 253 secr
1889 176 1892 187 '

1007 318 1039 372 ut
1053 313 1148 372 iudei
1161 328 1226 372 non
1241 316 1433 374 credentesin
1444 320 1588 392 perpetua
1601 326 1830 383 necteremene·

1005 388 1829 465 rent,necauct0rdiestautisceleris,imosacrilegii,sed

1006 457 1831 539 nonheretpraecedentinocticontrarerumseriemsub·

1004 529 1083 585 ditur
1102 530 1176 593 dies,
1194 532 1270 587 sicut
1284 534 1359 587 Deus
1375 538 1404 589 et
1417 533 1559 589 Dominus
1571 536 1706 591 omnium
1730 553 1828 595 rerum

1004 600 1259 682 principineiariar
1273 603 1387 669 mortis,
1403 610 1434 659 ut
1449 619 1555 659 omnes
1565 607 1694 661 amortis
1709 607 1828 681 laqueis

1003 671 1172 743 explicaret.
1190 673 1274 739 Quod
1288 674 1552 731 sicuiadhuolorte
1566 676 1752 735 videturesse
1760 695 1831 736 eon·

1004 743 1139 810 trarium,
1155 742 1311 815 diligenter
1323 744 1454 802 advertat
1465 762 1502 801 ne
1513 747 1711 819 incipiatillud
1725 750 1830 807 durius

1003 814 1161 878 aestimare,
1178 815 1260 887 quod
1277 819 1353 872 Deus
1368 833 1398 871 se
1412 832 1572 899 personam
1600 819 1728 875 induens
1742 823 1828 891 servi,

1004 885 1321 967 noxtdicamhominis,
1333 888 1555 944 mortrdederit.
1569 889 1646 956 Quid
1659 905 1730 960 ergo
1745 891 1831 949 hicet

1003 957 1139 1013 ordinem
1152 959 1272 1028 quaeris,
1282 959 1330 1014 ubi
1346 959 1449 1016 omnia
1464 960 1566 1015 videas
1581 975 1647 1016 esse
1660 964 1829 1021 contraria?

1003 1028 1075 1093 oure
1087 1035 1131 1084 est
1145 1030 1225 1084 enim
1237 1029 1287 1085 lux
1303 1045 1372 1102 quus
1386 1030 1440 1087 luit
1451 1032 1480 1086 in
1497 1031 1640 1096 tenebris,
1656 1039 1685 1089 ct
1698 1034 1828 1090 tenebre

1002 1114 1071 1154 eam
1092 1113 1151 1155 non
1167 1101 1460 1173 comprehenderunt
1474 1102 1565 1174 (loun.
1579 1119 1598 1168 r,
1616 1102 1671 1185 5)i
1687 1106 1830 1162 Dominus

1003 1169 1087 1235 lucis,
1102 1171 1188 1242 quiet
1200 1173 1436 1243 comprehensus
1451 1179 1505 1230 est.
1524 1174 1580 1240 Qui
1594 1178 1776 1232 emmscitse
1790 1177 1829 1232 ad

1002 1240 1058 1297 hoc
1071 1242 1285 1312 comprehendi
1302 1248 1333 1298 ul
1347 1243 1477 1308 feriatur,
1490 1248 1606 1317 tempus
1619 1244 1691 1301 illud
1707 1247 1735 1301 iu
1749 1263 1829 1303 mor·

1003 1317 1062 1368 tem
1075 1318 1240 1385 computat.
1257 1316 1305 1369 Est
1323 1318 1352 1370 et
1366 1315 1430 1370 dies
1445 1330 1575 1387 sequens
1590 1332 1653 1389 qua
1665 1317 1787 1374 auditus
1800 1321 1829 1375 el

1002 1383 1161 1439 crucifixus
1172 1389 1224 1440 est.
1238 1386 1285 1441 Est
1299 1392 1327 1440 et
1340 1386 1597 1457 noxquceoaditin
1611 1387 1829 1455 sabbatum,est

1002 1461 1030 1509 et
1042 1455 1141 1526 ipsum
1161 1455 1333 1511 sabbatum.
1357 1458 1405 1511 list
1423 1457 1510 1512 etiam
1522 1472 1629 1529 vesper
1645 1461 1829 1528 postsabba·

1002 1531 1076 1591 tum,
1091 1527 1148 1582 boo
1161 1527 1296 1599 estquod
1307 1527 1417 1583 ludaeis
1434 1543 1451 1583 a
1467 1530 1565 1599 ldoyse
1583 1535 1767 1601 praeceptum
1784 1536 1829 1586 est

1001 1596 1032 1652 in
1044 1598 1151 1667 ligura,
1166 1604 1326 1669 utrespere
1341 1599 1521 1654 intrarentin
1538 1599 1709 1663 sabbatum,
1726 1600 1828 1683 inquo

1003 1670 1146 1724 [lominus
1155 1669 1389 1742 resurrexitsqui
1397 1669 1690 1738 complectiturdiem
1702 1669 1829 1727 dommi·

1001 1754 1069 1794 cum
1082 1755 1088 1805 ;
1100 1739 1239 1810 quianox
1255 1741 1647 1811 noncomputatursinedie,
1661 1743 1829 1813 nequedies

1001 1811 1065 1866 sine
1077 1816 1171 1867 noete.
1182 1812 1240 1866 Hac
1254 1812 1379 1877 ratione,
1395 1818 1462 1882 post
1475 1816 1532 1868 tres
1558 1813 1622 1867 dies
1637 1817 1666 1868 et
1685 1821 1755 1884 post
1770 1820 1829 1870 tres

1000 1889 1102 1938 noctes
1121 1883 1264 1937 llominns
1276 1882 1444 1938 resurrexit.

1036 1952 1074 2025 (a)
1086 1952 1231 2009 Pressius
1244 1954 1377 2010 Salvator
1391 1953 1527 2009 omnium
1552 1968 1619 2023 qure
1638 1952 1667 2008 in
1682 1969 1714 2008 se
1727 1951 1829 2011 lutura

1000 2031 1094 2089 erant,
1107 2025 1170 2079 brec
1186 2029 1364 2095 protestatus
1377 2029 1534 2093 eet,certus
1543 2024 1581 2080 ed
1591 2023 1828 2081 hocsealudreis

1000 2095 1828 2169 comprehendiutoccideretur‚sequoqneimpietatiillc

1000 2181 1066 2222 rum
1080 2182 1140 2221 non
1152 2174 1472 2236 repugnaturum,cnm
1481 2175 1583 2248 posset
1593 2168 1754 2238 utiqueecs
1764 2167 1827 2223 illu-

1000 2238 1069 2293 dere
1085 2251 1090 2290 :
1108 2238 1220 2309 quippe
1231 2253 1299 2292 cum
1311 2244 1469 2309 propterea
1479 2253 1544 2308 Jam
1559 2238 1706 2303 detentus,
1721 2252 1827 2294 aurem

1000 2308 1077 2364 servi
1095 2309 1236 2379 principis
1247 2309 1551 2380 sacerdotum,qnam
1569 2308 1828 2377 productogladio

1000 2380 1450 2452 abscideratPetrusapostolus,
1468 2379 1597 2435 reddidit
1612 2395 1619 2445 ;
1638 2386 1668 2434 ut
1684 2395 1715 2434 se
1726 2386 1828 2435 osten·

999 2451 1081 2507 deret
1095 2466 1156 2507 nou
1170 2451 1340 2507 infirmitate
1353 2450 1554 2515 humiliatum,
1572 2450 1624 2505 sed
1639 2449 1828 2521 providentia

1001 2521 1134 2594 quadam
1143 2522 1410 2578 voluntatiillorum
1419 2524 1545 2578 cessisse
1553 2521 1590 2576 ad
1598 2527 1726 2592 tempus,
1738 2529 1768 2576 ut
1775 2537 1827 2593 per

1001 2592 1059 2648 hoc
1075 2608 1201 2663 regnum
1216 2593 1321 2649 interni
1345 2593 1519 2649 destrueret.
1535 2592 1724 2664 lmproridus
1745 2593 1825 2648 enim

1001 2663 1666 2733 diabolussensibusseludaeorumimmersit,
1682 2669 1714 2718 ul
1728 2663 1825 2719 eosad

1001 2750 1105 2791 necem
1117 2735 1279 2792 salvatoris
1289 2735 1471 2800 incenderet,
1487 2735 1574 2807 quasi
1587 2734 1642 2790 sibi
1658 2735 1825 2806 prodesset,

1001 2805 1823 2878 sihicquiviamveritalisostenderet‚tollereturdevita:

1001 2878 1140 2934 nesciens
1154 2877 1288 2935 tutorum
1304 2878 1464 2934 adversum
1479 2892 1521 2932 se.
1535 2877 1608 2932 Cum
1622 2876 1826 2948 enimpeccati

1001 2948 1139 3004 causade
1152 2948 1672 3021 captivitateboministriumpharet,
1687 2948 1826 3004 inventus

1000 3021 1064 3091 ipse
1077 3035 1144 3075 reus
1159 3020 1245 3091 perid
1256 3019 1496 3091 quodChristum
1510 3018 1825 3084 iunocentemoccidit,

1001 3094 1035 3145 ut
1047 3106 1115 3146 eum
1137 3090 1188 3173 qui
1199 3096 1358 3217 peccatum
1372 3090 1537 3155 nesciebat,
1560 3091 1635 3146 inter
1651 3097 1822 3162 peccatores

1001 3167 1112 3218 teneret
1127 3168 1185 3228 ;rta
1211 3165 1312 3217 actum
1322 3166 1377 3226 est,
1390 3168 1420 3218 ut
1433 3163 1523 3216 etiam
1536 3160 1601 3216 illos
1628 3176 1704 3231 quos
1716 3161 1783 3231 jure
1795 3161 1826 3218 in

1000 3232 1102 3288 inieris
1116 3232 1242 3298 tenebat,
1257 3233 1413 3288 amitteret.
1430 3232 1521 3301 igitur
1549 3231 1657 3287 horum
1684 3232 1826 3303 praescius

1001 3302 1828 3385 Salvator,noctemquaeomprehensuscst,simulcom-

1001 3376 1124 3446 putavit.
1139 3376 1331 3451 Omnisemm
1342 3371 1702 3444 detentus.quisejudieis
1717 3387 1826 3427 manus

1002 3462 1061 3502 non
1076 3445 1311 3511 creditevadere,
1323 3451 1484 3517 antequam
1494 3444 1624 3507 feriatur,
1635 3444 1736 3514 J'amse
1749 3458 1826 3499 mor·

1000 3518 1170 3574 tuumdicit.
1184 3516 1267 3573 Adde
1279 3517 1348 3573 huic
1361 3517 1441 3573 diem
1483 3531 1522 3571 uo
1537 3530 1648 3586 passus
1662 3520 1716 3577 est,
1732 3520 1762 3569 et
1782 3529 1826 3569 se·

999 3588 1366 3661 quentemnoctsm.edde
1378 3532 1573 3668 etsabffintum
1586 3591 1615 3641 et
1627 3591 1744 3666 noctem
1759 3599 1826 3667 quea

999 3660 1122 3716 lucescit
1136 3660 1165 3714 in
1179 3660 1259 3715 diem
1274 3660 1461 3716 dominicum
1474 3673 1543 3714 cum
1559 3673 1626 3725 ipso
1638 3657 1685 3711 dre
1701 3657 1827 3712 dommi·

999 3746 1045 3797 co,
1066 3731 1293 3802 etcomplevisti
1315 3730 1489 3802 mysterium
1516 3728 1675 3783 verborum
1698 3725 1826 3782 Domini.

1000 3802 1167 3859 Novissima
1186 3802 1267 3858 enirn
1284 3808 1369 3857 nocte
1382 3817 1451 3857 cum
1468 3799 1826 3863 adbuetenebraeeseent,

1000 3880 1028 3930 et
1039 3872 1104 3929 dies
1115 3873 1255 3944 inciperet
1266 3874 1346 3939 oriri,
1363 3873 1439 3928 inter
1455 3872 1551 3927 lucem
1568 3875 1596 3926 et
1612 3869 1748 3926 tenebras
1761 3883 1828 3924 sur-

1000 3946 1084 4011 rexit,
1103 3949 1135 3999 ut
1153 3951 1181 3999 et
1196 3960 1256 4000 nox
1268 3948 1458 4015 computetur
1473 3942 1580 4008 eldies,
1595 3956 1657 4015 quo
1668 3940 1827 4013 possitnu-

1001 4031 1134 4071 marusa
1149 4014 1470 4087 Salvatoreprcediotus
1485 4015 1600 4083 integer
1616 4011 1756 4068 inveniri.

1038 4089 1112 4143 LXV.
1129 4087 1203 4142 -Si
1219 4102 1279 4143 uno
1294 4102 1344 4144 ore
1356 4093 1383 4143 et
1396 4086 1511 4143 ratione
1523 4084 1719 4154 Evangelistte
1735 4080 1827 4138 locuti

1001 4165 1070 4214 sunt
1087 4177 1094 4224 ;
1109 4158 1264 4229 quomodo
1277 4159 1388 4214 tactum
1419 4160 1510 4214 estut
1534 4156 1629 4213 tribus
1643 4153 1825 4214 dicentibus,

1001 4229 1030 4284 id
1045 4236 1088 4284 est
1098 4229 1243 4300 hlatthceo,
1257 4228 1574 4352 Lucaetloanneupria
1585 4227 1749 4305 sextahora
1763 4238 1825 4278 orn·

1001 4300 1104 4356 ciilxus
1119 4307 1162 4356 est
1176 4302 1330 4366 Dominus,
1343 4304 1455 4357 Marcus
1476 4314 1491 4354 e
1530 4298 1628 4353 iserso
1652 4300 1736 4351 lertta
1753 4293 1828 4348 hora

1002 4371 1179 4428 crucifixum
1193 4372 1273 4427 dicat
1286 4371 1468 4427 salvatorem
1479 4369 1583 4437 (blattis.
1598 4382 1689 4431 xxvix,
1698 4369 1745 4433 45;
1761 4363 1826 4418 [ιιι.

1001 4459 1082 4504 xxnr,
1097 4445 1132 4498 tt
1147 4462 1154 4509 ;
1170 4445 1252 4498 loun.
1269 4459 1328 4506 xix,
1347 4444 1380 4497 ll
1393 4457 1402 4507 ;
1414 4442 1500 4497 Marc.
1516 4456 1565 4502 xr,
1579 4437 1649 4505 ubl?

1038 4513 1178 4571 Obscuris
1191 4529 1259 4569 vera
1274 4513 1489 4569 involverenou
1498 4510 1677 4565 estbouum.
1686 4509 1827 4562 Namtres

1003 4581 1827 4658 Evangelistaeunumsensumhabuerunt,llarcueautem

1002 4649 1826 4730 remqurenblllisprmtermissatuerat,voluitintrmare,

1002 4728 1100 4782 sciens
1112 4727 1321 4782 neeessariam.
1330 4722 1540 4781 Neocnimlalli
1553 4726 1654 4794 posset
1665 4735 1716 4793 qur
1729 4724 1830 4776 atrcto·

1003 4813 1069 4853 rum
1088 4797 1225 4879 exempla
1242 4802 1373 4863 secutus,
1390 4813 1425 4852 ea
1439 4812 1508 4868 qum
1521 4794 1639 4864 scripsit
1654 4807 1767 4863 magna
1781 4791 1832 4873 de·

1003 4870 1120 4924 votione
1135 4874 1163 4924 et
1178 4869 1325 4924 industria
1339 4867 1549 4933 didicit,etnee
1567 4865 1633 4921 sine
1648 4868 1755 4919 sancto
1768 4862 1830 4932 Spr-

1002 4940 1060 4996 ritu
1080 4939 1155 4995 lecit.
1170 4941 1244 5006 Quid
1254 4955 1326 5006 ergo
1337 4940 1437 4996 exhoc
1451 4938 1611 4995 ostendere
1627 4936 1730 4998 voluit,
1741 4933 1831 5014 debet

1003 5010 1128 5068 absolvi.
1143 5012 1350 5068 contuendum
1368 5013 1526 5084 ilaqneest,
1538 5010 1610 5081 quia
1625 5023 1685 5063 non
1700 5003 1830 5083 aPrlato,

1004 5083 1056 5138 sed
1066 5082 1201 5139 aludoeis
1217 5081 1574 5139 Salvatorcruciflxusest.
1587 5082 1737 5145 Quantum
1750 5088 1832 5129 emm

1004 5154 1042 5210 ad
1057 5153 1139 5222 leges
1154 5157 1304 5210 Romanas
1320 5154 1470 5225 pertinuit,
1496 5153 1685 5207 innocentem
1701 5158 1832 5216 pronun·

1004 5225 1088 5280 tiarit
1104 5225 1297 5280 salvatorem.
1307 5225 1355 5280 tlit
1367 5226 1446 5280 eninr
1455 5223 1566 5279 Pilatus
1578 5224 1591 5277 J
1596 5219 1699 5301 ludaeis,
1708 5219 1759 5287 Epo
1769 5215 1833 5299 nul·

1006 5295 1059 5351 um
1074 5296 1181 5351 invenio
1195 5313 1302 5351 caesum
1313 5298 1343 5350 in
1362 5313 1400 5350 eo.
1419 5298 1452 5350 Et
1467 5292 1637 5348 dicentibus
1649 5288 1718 5352 rllrs,
1735 5285 1832 5342 Grues-

1003 5367 1054 5438 ιρι
1064 5383 1145 5434 eum,·
1167 5366 1332 5437 respoudit.
1350 5365 1421 5432 Quid
1435 5366 1505 5420 euim
1513 5362 1580 5418 mcii
1592 5361 1658 5433 fecit
1672 5359 1686 5415 i
1700 5359 1832 5429 Denique

1006 5432 1832 5507 persistensetvoleuseducereetrnrdemanibuseorum

1004 5508 1186 5565 ealrrmniam
1202 5524 1308 5579 passus
1318 5513 1370 5569 est,
1378 5505 1545 5562 dicentibus
1561 5505 1613 5569 eis,
1624 5503 1728 5559 Silium
1741 5501 1833 5556 dimet-

125 5583 508 5655 obtiuetprincipatum,ita
517 5588 548 5639 ut
560 5584 707 5639 amitteret
719 5586 895 5653 potestatem
907 5600 912 5640 :
923 5585 953 5636 et
1007 5580 1051 5645 tie,
1067 5596 1120 5634 non
1135 5586 1172 5635 est
1187 5580 1291 5635 amicus
1304 5578 1434 5635 cesarie.
1450 5576 1545 5633 Omnis
1559 5576 1631 5630 euim
1643 5575 1691 5647 qui
1704 5591 1730 5630 se
1744 5587 1833 5645 reqem

158 5672 195 5732 (a)
211 5671 327 5731 Quaestio
345 5673 439 5723 eadem
452 5687 484 5722 ex
498 5672 560 5722 llas.
570 5669 679 5721 secundi
686 5670 800 5734 generis,
814 5670 953 5736 interpost
1036 5669 1075 5730 (c)
1091 5668 1207 5728 Quaestio
1218 5668 1310 5718 eadem
1325 5680 1357 5717 ex
1371 5666 1432 5716 Mes.
1445 5664 1556 5716 secundi
1568 5666 1683 5728 generis,
1693 5664 1834 5726 interposi

127 5733 253 5799 vulgatas
265 5749 297 5786 ex
311 5735 387 5787 Novo
396 5735 465 5786 Test.
482 5735 619 5800 trigesima
632 5745 712 5784 none.

1010 5731 1133 5796 vulgatas
1150 5744 1183 5783 ex
1197 5732 1272 5781 Novo
1286 5731 1357 5782 lest.
1375 5729 1480 5781 decime
1495 5730 1601 5780 cetere.
