3952 6150
61 146 135 218 215¹l
166 150 170 157 “

61 278 234 344 tummodo,
247 293 300 352 per
314 295 392 352 quos
406 281 503 337 exitus
517 279 607 353 huius
626 283 728 341 aditus
743 283 890 341 adminis-

60 351 323 411 trabatur.Verum
332 351 545 425 etiainhocpro
558 355 888 428 temporesoluminodo

61 442 129 484 esse
151 424 265 480 dictum
293 425 482 481 confirmant.
500 428 605 482 Fontes
628 428 708 484 enim
724 428 774 500 qui
795 427 889 484 clausi

60 502 157 562 erant,
169 511 239 551 cnm
255 495 305 550 illa
317 496 450 552 insolens
465 499 581 568 eruptio
593 498 807 570 prohiberetur,
820 513 889 571 pos-

61 576 110 626 tea
128 572 249 640 apertos
262 566 356 623 luisse
376 584 407 623 se
432 584 504 623 nens
521 569 598 625 ratio
613 571 793 643 pronuntiat,
814 571 888 627 dnm

59 654 150 713 aquic
167 639 252 694 ibant
262 644 292 694 et
302 584 587 719 reverteiranturtld.
604 657 662 705 viii,
676 643 714 715 3).
729 643 793 707 Quo
808 643 889 698 enim

58 710 295 775 revertebantur,
306 709 363 765 nisi
379 710 458 766 unde
473 719 614 769 venerant
626 714 641 771 i
655 717 708 770 Per
719 715 816 769 fontes
832 713 886 783 igi-

61 792 111 842 tur
125 788 242 865 apertos
257 796 343 863 aquae
361 783 540 907 irruperant,
554 785 605 855 qui
620 791 696 856 post,
715 791 745 841 ut
758 786 889 841 cessaret

59 860 186 926 eruptio,
204 853 298 909 clausi
311 859 405 909 erant.
442 853 479 909 ed
494 871 562 910 cum
579 855 687 912 iterum
702 872 783 929 aqua
802 870 889 912 revo-

60 923 886 1006 caretur,etiamlonles,qniclausiluerant,reserantur.

58 1008 154 1072 Aquae
166 1011 322 1068 enimquas
334 995 552 1075 clausisjanuis
565 999 885 1070 venireuonpoterant,

83 1069 215 1126 uomodo
231 1073 319 1135 retro,
335 1069 391 1122 nisi
403 1069 512 1137 apertis
527 1068 667 1136 aditibus,
681 1069 887 1126 reintrabanti

58 1087 101 1198 ge
115 1157 151 1197 eo
164 1145 265 1195 autem
279 1139 360 1210 quod
377 1139 495 1204 dicitur,
511 1141 701 1196 Eiectorcetae
715 1141 776 1196 culi
784 1146 887 1213 apertae

59 1219 135 1279 suut,
150 1218 174 1268 et
188 1210 266 1291 saeta
281 1216 323 1291 cst·
330 1210 435 1281 pluuia,
451 1226 511 1266 nou
527 1212 636 1268 minori
649 1212 887 1282 diligentiaindi·

59 1300 136 1357 gens
148 1290 281 1355 quaestio,
296 1281 421 1337 diversis
433 1282 642 1354 inquisitorum
653 1284 805 1340 sententiis
820 1299 887 1339 ven·

60 1356 145 1413 tilata
157 1353 351 1426 dignoscitur.
372 1352 560 1417 Quibusdam
581 1370 713 1427 namque
733 1353 838 1427 placet,
857 1358 888 1410 ut

60 1423 887 1505 istaecalaraoiaenubibusaperteeluisseputentur,qure

61 1514 141 1571 sispe
156 1497 222 1553 coeli
237 1511 359 1551 nomine
380 1511 433 1567 per
447 1495 616 1568 Scripturas
633 1497 749 1553 divinas
773 1513 887 1553 nuncu·

59 1573 180 1644 pantur,
220 1567 353 1623 uomodo
365 1573 409 1623 est
424 1566 508 1634 illud,
526 1569 564 1623 Et
576 1569 637 1624 ccli
650 1568 755 1625 dabam
764 1568 885 1633 imbrem,

59 1647 86 1698 et
112 1651 188 1698 terro
239 1638 279 1694 bit
293 1640 415 1709 tracturi:
429 1655 509 1694 suarii
524 1638 625 1707 (ierem
638 1656 698 1709 xiv,
721 1645 757 1695 ‘22
778 1659 787 1708 ;
812 1640 885 1695 Pici.

59 1728 177 1778 xxxxiv,
195 1713 240 1780 la)
256 1726 263 1776 ;
279 1714 318 1776 et,
332 1710 434 1764 Panem
447 1710 505 1765 coeti
520 1710 596 1767 dedit
615 1713 656 1767 cis
672 1711 757 1782 (Paul.
779 1727 885 1778 ixxru,

59 1785 107 1855 ai)
120 1801 127 1850 ;
140 1790 179 1849 et,
194 1781 301 1837 Possint
311 1781 438 1836 armenii
452 1782 576 1838 babitare
592 1783 689 1853 (Marc.
707 1799 746 1850 iv,
762 1786 806 1849 32)
824 1800 832 1849 ;
847 1788 886 1848 et,

67 1855 192 1914 Volsci-is
206 1852 266 1909 onii
280 1852 356 1907 nidos
376 1852 473 1909 hubent
488 1853 537 1909 ribi
556 1855 728 1925 requiescant
751 1853 830 1923 (Lac.
844 1868 885 1919 ix,

62 1929 108 1999 bi)
125 1928 139 1984 i
155 1926 324 1981 Cataractae
338 1939 408 1993 ergo
424 1926 453 1980 in
464 1924 549 1992 coelo,
561 1926 592 1981 in
608 1925 738 1982 nubibus
750 1924 887 1981 videlicet

61 1999 158 2055 lactas
179 2002 210 2052 ut
236 1994 339 2067 pluvia
363 1996 485 2066 veniret,
513 1996 553 2052 illi
574 1997 708 2067 praedicti
728 1997 885 2063 estimant,

61 2067 323 2143 quemadmodum
339 2067 431 2123 etiam
457 2084 536 2123 nunc
551 2069 607 2124 tale
622 2068 819 2124 ministerium
835 2082 887 2138 per

61 2140 159 2199 nubes
182 2139 244 2194 lieri
258 2143 337 2194 totus
351 2139 483 2194 mundus
508 2154 569 2195 non
584 2141 722 2209 ambigit.
737 2139 796 2195 Sed
817 2144 886 2194 tunc

61 2217 228 2270 cataractas
243 2208 307 2265 coeli
323 2215 442 2291 apertas
458 2209 611 2281 Scriptura
625 2216 731 2267 sancta
753 2226 887 2266 comme-

61 2287 171 2348 morat,
190 2282 273 2354 quod
295 2280 383 2337 solito
398 2282 472 2353 plus,
501 2282 608 2352 ingens
628 2281 734 2337 effusio
749 2281 886 2353 pluvialis

60 2355 143 2412 lacta
157 2359 228 2410 erat.
244 2353 342 2409 Caeieri
361 2368 430 2408 vero
444 2354 515 2409 istas
535 2359 698 2410 cataractas
718 2353 748 2408 in
764 2367 886 2409 summo

61 2427 113 2483 illo
128 2425 332 2488 firmamento,
347 2424 429 2495 quod
453 2431 484 2480 ut
497 2424 640 2480 divideret
654 2425 730 2480 inter
744 2439 841 2497 aquas
858 2428 900 2483 et.

62 2512 169 2570 aquas,
192 2498 268 2551 Deus
282 2496 313 2550 in
328 2495 472 2567 principio
482 2494 601 2560 lecerat,
617 2495 711 2552 lactas
726 2495 809 2566 prius
821 2510 886 2550 esse

61 2570 168 2626 dicunt
181 2583 188 2622 :
202 2567 253 2639 qui
275 2569 365 2622 lieuin
376 2564 442 2622 illas
455 2581 560 2638 equas,
581 2582 658 2639 quas
678 2581 771 2638 supra
783 2566 885 2622 llrma·

61 2644 199 2698 mentum
210 2642 360 2710 posuerat,
373 2637 414 2692 ad
424 2637 480 2693 tale
493 2639 689 2695 ministerium
703 2652 888 2709 praeparasse

62 2713 168 2769 dicunt
183 2727 190 2766 ι
206 2710 277 2765 etin
293 2709 349 2764 hac
363 2709 532 2777 conditione
547 2715 576 2765 et
597 2710 760 2780 superioris
773 2714 801 2763 et
814 2707 889 2764 inle-

62 2785 150 2841 rioris
160 2796 258 2853 aquae,
270 2781 346 2836 sacri
359 2781 550 2851 baptismatis
562 2780 759 2837 ministerium
772 2779 889 2849 figurali

61 2852 248 2927 expositione
259 2852 512 2924 inspiciunt,dum
524 2852 732 2923 percoelestem
746 2851 888 2923 pluviam,

63 2926 209 3005 Spiritum
218 2928 370 3003 sanetum3
380 2938 430 2995 per
442 2923 544 2995 abyssi
558 2925 802 2995 undam,aquam
812 2923 889 3047 Bap-

61 2997 191 3055 tismatis
203 2992 371 3067 intelligunt
386 3012 393 3046 ι
411 2995 528 3051 utsicut
543 3010 623 3066 aqua
635 2995 770 3065 superior
780 2998 808 3048 et
818 2994 847 3047 in
862 3008 889 3047 e-

63 3070 134 3133 rior,
146 3067 252 3139 primae
263 3065 329 3122 vitre
345 3065 450 3121 mundi
464 3068 639 3138 peccamina
650 3065 753 3122 diluit:
767 3064 810 3120 sic
825 3064 888 3134 Spi·

63 3142 139 3198 ritus
154 3144 277 3196 sanctus
292 3142 321 3194 et
338 3153 428 3209 aqua,
443 3143 551 3194 nostrie
577 3138 644 3193 vita
681 3136 766 3192 rioris
781 3135 890 3191 delicta

64 3213 208 3268 remittat.
219 3209 276 3264 Sed
293 3208 365 3264 dum
381 3209 412 3263 in
426 3209 484 3265 hoc
494 3223 584 3280 opere
599 3154 778 3264 inteiiectunr
790 3208 890 3288 potius

62 3298 165 3340 rerum
187 3286 349 3362 gestarum,
403 3296 473 3336 uam
493 3279 648 3352 figuralem
669 3279 889 3350 expositionem

63 3368 299 3424 assumpsimus,
316 3295 403 3477 guni
427 3351 466 3407 ad
481 3367 544 3433 rem
561 3356 736 3432 praesentem
752 3349 888 3421 pertinet,

64 3419 891 3576 luthariis.,tiliirtrllllrillirhrrl

64 3570 126 3626 vias
136 3570 169 3625 in
177 3566 293 3623 mundo
301 3564 392 3620 luisse
399 3580 457 3621 non
469 3570 633 3631 aestimant:
647 3565 804 3622 occasione
813 3563 890 3618 illius

64 3656 165 3708 arcus,
180 3638 232 3711 qui
246 3642 316 3709 post
333 3636 480 3693 diluvium
496 3637 524 3691 in
539 3636 670 3693 nubibus
682 3641 727 3693 est
747 3635 890 3692 constitu·

64 3717 123 3777 tus,
139 3711 170 3767 in
183 3712 262 3767 banc
273 3708 500 3788 estimationem
515 3708 608 3778 ducti,
621 3723 657 3763 ex
668 3709 802 3834 ipsarum
812 3721 891 3762 crea-

64 3789 202 3840 turarum
227 3785 336 3837 natura
360 3781 581 3850 investigantes,
608 3795 669 3851 quo
713 3778 739 3834 si
761 3777 820 3835 ullu
844 3793 889 3832 se·

63 3870 138 3912 rena
152 3857 222 3909 ante
235 3850 380 3907 diluvium
395 3850 494 3922 pluvia
509 3850 600 3914 lieret,
614 3851 673 3916 iris,
686 3849 717 3906 iil
732 3854 786 3915 est,
803 3864 891 3904 arcus

65 3926 115 3984 illa
131 3926 163 3982 in
188 3923 321 3980 nubibus
337 3922 449 3979 serenis
465 3927 621 3994 appareret
635 3939 642 3988 ;
663 3920 715 3993 qui
731 3938 785 3993 per
797 3919 890 3977 solem

64 4011 195 4070 semper,
207 4000 235 4052 et
246 3994 402 4050 humectas
417 4009 597 4066 serenasque
623 3993 719 4049 nubes
734 3991 860 4048 elficitur
882 4007 889 4045 :

65 4074 94 4126 el
109 4083 170 4125 non
188 4082 206 4123 a
224 4065 287 4122 sole
310 4070 426 4122 tantuin
442 4064 516 4130 fieri,
538 4066 590 4120 sed
607 4064 697 4120 etiam
714 4079 767 4135 per
786 4062 890 4119 lunam

66 4139 227 4212 aliquoties
241 4138 272 4193 in
287 4137 399 4193 serenis
412 4136 544 4194 nubibus
557 4136 681 4192 videtur.
694 4138 809 4192 Poterat
820 4149 892 4204 ergo

65 4213 135 4284 ipsa
151 4208 257 4266 muudi
269 4223 364 4280 nuper
372 4209 462 4264 creati
475 4208 573 4278 prima
583 4212 656 4263 artas
670 4207 736 4263 sine
751 4205 817 4262 ullis
831 4212 892 4261 tur-

66 4281 181 4339 bulenti
191 4281 268 4337 aeris
277 4279 573 4336 immutationibuset
585 4278 692 4351 pluviis
706 4293 759 4349 per
772 4276 893 4333 matuti-

66 4370 143 4411 num
158 4356 187 4410 et
199 4353 403 4423 vespertinum
418 4366 516 4407 rorem
529 4350 588 4415 ali:
606 4356 636 4406 ut
653 4350 682 4405 in
698 4349 766 4421 ipsa
780 4348 892 4405 lortitn·

66 4425 139 4482 dine
150 4426 226 4480 sicut
239 4422 377 4480 homines
387 4423 538 4493 longaevos
548 4428 577 4479 et
592 4422 720 4477 sanitate
732 4432 894 4492 corporum

67 4497 182 4555 alacres
197 4493 345 4563 habuerit,
359 4493 398 4549 ita
417 4499 445 4550 et
461 4493 594 4549 mundus
611 4494 674 4564 ipse
689 4490 779 4547 nullis
795 4489 894 4546 adhuc

67 4565 344 4698 perturbationibus
359 4566 488 4636 agitatus
501 4571 585 4636 aptos
598 4562 787 4621 vescentibus
797 4562 894 4618 lercus

80 4643 184 4697 ructus
197 4636 370 4695 consisteret
386 4654 393 4692 :
407 4642 434 4692 et
447 4652 466 4692 a
481 4635 615 4692 secunda
636 4640 723 4692 aetate
738 4634 813 4690 sicut
836 4639 894 4690 tur-

67 4710 200 4769 bulentis
211 4708 353 4776 motibus,
369 4707 410 4764 ita
423 4708 654 4763 turbidisrerum
668 4706 895 4777 tempestatibus

70 4784 167 4840 vivere
181 4781 315 4851 etvigere
329 4779 482 4851 inciperet.
498 4778 758 4844 Quemadmodum
774 4778 804 4833 in
818 4782 896 4833 terra

68 4855 107 4910 ΑΕ
121 4854 193 4927 Ιγρῑί
202 4853 292 4908 etiam
303 4866 384 4907 nunc
392 4866 585 4923 nequaquam
593 4850 720 4906 nubium
734 4847 894 4916 imbribus,

69 4869 127 4982 isti
139 4931 224 4981 terrie
238 4924 331 5005 ipsius
350 4922 470 4987 sudore,
492 4927 520 4977 et
532 4922 609 4977 aeris
629 4919 852 4983 commoditate,
868 4923 896 4974 et

68 4997 127 5053 Nili
140 4994 275 5052 fluminis
286 4994 475 5049 incrementis
489 4993 614 5050 lovetur.
631 4992 687 5049 Sed
699 4991 765 5047 hec
779 4989 895 5045 investi·

68 5069 151 5140 gatio
166 5066 293 5148 qualiter
305 5064 475 5137 accipienda
492 5065 528 5121 sit
549 5079 604 5137 pro
626 5066 716 5134 certo,
739 5061 847 5117 eruditi
869 5064 897 5117 et

67 5136 211 5198 catholici
224 5137 277 5193 viri
287 5136 418 5193 videant.

145 5209 258 5265 dirui
270 5208 327 5263 vii.
342 5238 378 5248 —
397 5210 437 5264 De
451 5223 555 5264 recessa
599 5221 697 5262 aarum
710 5202 823 5260 diluuii.

103 5281 178 5337 item
189 5279 228 5336 de
242 5295 362 5336 recessu
375 5294 525 5352 aquarum
563 5223 655 5334 ‘iiuvii
671 5275 744 5348 quid
770 5273 850 5330 docti
869 5274 897 5329 et

68 5351 219 5423 ingeniosi
237 5351 371 5421 magistri
379 5352 519 5416 sentiunt,
534 5348 665 5406 sinculla
675 5353 785 5404 nostrie
797 5348 898 5402 aucto·

68 5424 168 5482 ritatis
192 5424 426 5496 presumptione
466 5422 672 5551 proteramus:
702 5418 757 5500 ubi⁸
782 5417 899 5473 nodosa

69 5495 201 5570 questio
216 5496 357 5551 studiosis
373 5494 464 5551 menti
489 5511 523 5550 us
534 5494 715 5550 ostenditur:
732 5488 899 5560 Sialiquem

69 5567 174 5626 locum
190 5582 318 5623 saeuum
338 5565 389 5622 reli
414 5571 529 5629 nerant,
557 5581 624 5621 cum
656 5568 740 5618 terroe
766 5562 898 5631 spatium

69 5656 158 5714 aqum
169 5582 472 5707 diluviioecupairaut
482 5640 524 5701 :et
534 5636 556 5691 si
569 5635 684 5691 nullum
698 5632 827 5705 spatium
840 5630 898 5687 tale

68 5710 253 5777 habuerant,
268 5709 392 5785 quando
411 5714 595 5769 recesserant
608 5706 683 5783 quid
701 5702 898 5778 implebant?

651 150 761 217 LIBER
780 152 927 217 PRIMUS.
948 185 983 201 -·
1003 147 1199 216 irrnubrx.

945 282 985 338 De
996 296 1058 354 qua
1069 280 1260 354 inquisitione
1271 281 1369 340 inillis
1381 285 1548 358 aquisque
1563 288 1601 345 de
1616 295 1771 352 cataractis

944 352 1214 435 coelideiluxerunt,
1231 354 1303 410 bina
1313 357 1527 425 magistrorum
1540 362 1699 419 aestimatio
1714 373 1768 424 est.

944 428 1001 486 hut
1013 441 1104 490 enim,
1123 431 1151 481 ut
1167 425 1300 482 nonnulli
1312 428 1472 494 aestimant,
1490 446 1542 501 per
1556 434 1677 489 easdem
1692 444 1770 493 cata·

943 502 1042 556 rectas
1069 501 1256 565 revocantur,
1284 503 1312 554 et
1338 500 1597 571 quemadmodum
1632 504 1670 560 de
1694 510 1770 566 mari

944 569 1036 627 aridae
1049 567 1773 650 nubeslymphaticosimbrescousuescuntattra-

943 638 1092 709 here;ita
1120 644 1148 696 et
1166 640 1287 712 superni
1312 640 1392 698 illius
1422 644 1604 702 firmamenti
1628 650 1770 718 spatium,

944 727 1041 785 aquas
1054 727 1131 785 quas
1143 712 1287 768 emineret
1296 712 1333 767 de
1343 713 1485 779 nubibus,
1500 725 1602 788 posset
1617 734 1768 778 revocare.

943 783 1031 854 Aqua
1045 783 1137 864 ouini,
1148 783 1245 854 inquit
1253 783 1419 864 ¹Scriptura,
1431 786 1506 842 ibant
1516 796 1540 844 et
1553 790 1769 850 revertebuntur.

944 856 1009 920 Quo
1033 869 1103 925 ergo
1118 853 1213 919 ibant,
1229 856 1289 910 nisi
1312 856 1391 912 uude
1415 867 1556 916 venerant
1571 862 1585 914 i
1601 861 1628 918 Si
1645 878 1716 934 ergo
1732 865 1771 921 de

944 925 1061 982 excelso
1076 925 1127 983 illo
1138 925 1338 1006 firmamento,
1351 928 1473 999 utjuxta
1481 933 1684 1004 quorumdam
1696 938 1772 992 aesti-

943 999 1109 1077 mationem
1130 997 1270 1062 diximus,
1287 1013 1375 1071 aquas
1401 999 1533 1073 desuper
1556 1002 1721 1071 fluxissent,
1742 1014 1770 1064 et

944 1075 1074 1141 spatium
1098 1068 1181 1139 quod
1208 1071 1408 1139 occupabant,
1430 1072 1619 1142 dimiserunt,
1651 1078 1675 1132 si
1701 1078 1770 1135 illuc

943 1144 1183 1218 revocataesunt,
1197 1139 1270 1211 quid
1286 1141 1537 1202 mirumsieadem
1550 1163 1616 1218 quae
1631 1147 1770 1206 deserue-

943 1217 1010 1267 rant
1025 1216 1123 1290 spatia
1138 1208 1357 1282 complebant?
1386 1214 1434 1268 Vel
1448 1224 1526 1272 certe
1548 1220 1572 1272 si
1587 1219 1624 1273 de
1638 1221 1769 1276 nubibus

944 1281 1049 1338 eadem
1062 1280 1240 1360 ¹nimborum
1254 1282 1341 1354 copia
1352 1283 1443 1339 luisse
1455 1293 1621 1345 monstrata
1631 1292 1769 1348 concedi·

945 1358 1001 1417 tur,
1016 1352 1090 1423 quid
1100 1350 1333 1422 intelligentibus
1349 1356 1499 1412 mentibus
1515 1368 1674 1431 repugnat,
1691 1364 1714 1419 si
1729 1364 1768 1420 ad

943 1423 1038 1480 nubes
1054 1423 1160 1479 iterum
1175 1423 1241 1494 ipsa
1253 1429 1416 1481 retrorsum
1430 1434 1589 1486 verteretur
1605 1436 1768 1505 ;quemad·

943 1498 1068 1575 modum
1084 1496 1114 1550 in
1129 1495 1305 1576 quotidiana
1320 1512 1420 1553 rerum
1433 1499 1691 1563 administratione
1704 1504 1768 1561 lleri

943 1571 1084 1648 cernitur,
1099 1571 1131 1621 ut
1143 1565 1244 1636 pluvia
1255 1567 1293 1622 de
1308 1568 1438 1624 nubibus
1452 1573 1562 1629 emissa
1574 1579 1602 1630 et
1615 1584 1770 1648 resumpta

944 1638 1089 1719 videatur.
1107 1640 1252 1693 Caeterum
1279 1640 1297 1693 ii
1320 1655 1441 1712 quoque
1458 1644 1511 1714 qui
1537 1650 1607 1700 aute
1621 1646 1768 1704 diluvium

943 1709 1077 1781 pluviam
1087 1723 1154 1764 esse
1169 1724 1228 1764 non
1241 1713 1423 1780 permittunt,
1439 1713 1476 1767 de
1488 1729 1605 1770 recessu
1618 1732 1767 1788 aquarum

944 1780 1771 1855 alitersentiunt.lpsienimcumaquarumdillusionem

943 1853 980 1907 de
988 1852 1176 1907 firmamento
1185 1851 1295 1907 iactam
1306 1855 1547 1923 pronuntiant,in
1562 1859 1658 1914 nubes
1666 1866 1768 1917 tamen

944 1923 1154 1979 tantummodo
1164 1938 1216 1978 eas
1226 1924 1322 1979 redire
1334 1925 1511 1983 confirmant
1523 1946 1530 1994 ;
1542 1934 1570 1983 et
1582 1931 1767 2002 superfluum

943 1993 1017 2050 illud
1031 1994 1114 2065 quoil
1129 2009 1210 2065 aqua
1224 1995 1353 2066 desuper
1368 1994 1463 2052 lluens
1479 2000 1658 2070 prebuerat,
1675 2004 1767 2060 etiam

943 2080 1024 2121 nunc
1037 2080 1089 2137 per
1099 2079 1189 2120 omne
1200 2072 1318 2136 tempus
1329 2067 1516 2126 turbulentos
1526 2073 1603 2127 aeris
1621 2081 1728 2140 motus,
1739 2081 1768 2132 et

943 2136 1170 2218 hflemispheeries
1180 2137 1317 2193 diversas
1325 2139 1355 2192 in
1365 2139 1499 2196 nubibus
1511 2142 1616 2212 gignit.
1628 2147 1710 2218 quod
1721 2162 1768 2203 rc·

943 2223 1070 2278 ciprocis
1083 2207 1342 2264 immutationibus
1356 2209 1436 2265 idem
1452 2227 1502 2269 aer
1515 2214 1673 2271 nubilosus
1686 2232 1767 2273 nunc

942 2280 973 2361 iri
987 2278 1139 2360 inleriores
1152 2286 1250 2351 partes
1268 2279 1383 2344 mundi,
1394 2281 1450 2337 boo
1464 2290 1509 2339 est
1520 2291 1629 2342 terram
1640 2293 1668 2343 et
1684 2305 1767 2345 mare

943 2351 1073 2431 dimittit,
1091 2350 1216 2406 nuncde
1231 2351 1352 2416 eisdem,
1364 2353 1441 2409 mari
1455 2354 1566 2412 scilicet
1577 2364 1606 2413 et
1619 2365 1704 2424 terra,
1721 2376 1765 2416 re·

943 2422 1053 2490 colligit
1067 2422 1244 2501 :quomodo
1264 2428 1292 2478 et
1309 2423 1339 2478 iii
1353 2429 1470 2493 pectore
1494 2426 1630 2485 humano
1654 2430 1766 2488 halitus

942 2493 1101 2573 reciprocis
1117 2494 1331 2575 mutationibus
1347 2495 1452 2550 codem
1469 2498 1560 2555 modo
1574 2516 1633 2571 quo
1645 2502 1767 2559 dimitti·

943 2568 998 2629 tur,
1013 2569 1120 2643 iterum
1135 2567 1262 2633 exigitur
1278 2570 1310 2620 ut
1323 2572 1503 2624 resumatur.
1531 2571 1562 2624 ln
1590 2573 1636 2627 his
1664 2581 1764 2630 autern

941 2634 1109 2707 quamlibet
1132 2635 1256 2690 diversis
1284 2637 1476 2706 opinionibus
1504 2645 1531 2696 et
1553 2645 1765 2713 magistrorum

941 2705 1078 2778 plurimis
1091 2706 1282 2775 ambagibus,
1294 2707 1351 2763 hoc
1361 2710 1463 2765 auimo
1473 2710 1565 2767 lixum
1575 2715 1765 2788 suscipimus,

941 2777 1024 2849 quod
1038 2793 1188 2860 aquarum
1207 2778 1420 2851 quodcumque
1444 2782 1573 2854 desuper
1586 2792 1717 2853 venerat,
1735 2794 1766 2846 ut

942 2856 1019 2905 terra
1035 2865 1121 2920 aquis
1134 2849 1308 2915 nudaretur,
1324 2858 1431 2906 ventus
1445 2852 1608 2912 lambebat.
1624 2859 1669 2913 Sic
1685 2860 1764 2915 enim

942 2919 1079 3001 scribitur
1093 2935 1099 2974 :
1116 2920 1233 2975 Immisit
1247 2922 1378 2976 Dcmr'niir
1392 2930 1498 2979 risurum
1510 2942 1595 2997 super
1610 2936 1723 2995 terram,
1741 2937 1765 2986 et

941 2990 1383 3061 diminutaesuntcquaeldcumiii,
1394 2994 1430 3063 l).
1442 2996 1543 3052 Utrum
1555 3015 1623 3056 vero
1635 3003 1766 3059 inniibes

943 3067 1049 3116 ventus
1060 3061 1213 3143 lymphata
1226 3077 1346 3135 equora
1354 3064 1522 3134 collegerat,
1535 3084 1572 3124 an
1583 3069 1633 3127 illa
1644 3073 1765 3145 superni

941 3132 1122 3188 firmamenti
1133 3140 1262 3203 spatium
1277 3142 1490 3205 resumpserat,
1501 3154 1555 3208 pro
1570 3151 1648 3198 certo
1658 3146 1766 3202 eruditi

943 3203 1080 3260 viderint.
1098 3210 1189 3276 lique
1204 3209 1304 3260 autem
1317 3204 1374 3260 illae
1388 3221 1454 3277 quar
1466 3208 1503 3263 de
1519 3211 1620 3282 abyssi
1633 3213 1766 3272 lontibus

942 3273 1412 3346 disruptislargiterdelluxerunt,
1426 3293 1479 3348 per
1488 3281 1609 3338 easdem
1616 3284 1679 3340 vias
1687 3286 1766 3341 unde

944 3351 1096 3410 venerant,
1111 3362 1230 3427 rursum
1245 3347 1396 3404 dominico
1408 3349 1494 3418 jussu
1507 3353 1690 3411 remeabant.
1707 3357 1766 3413 Seil

943 3419 1042 3475 adhuc
1058 3416 1144 3473 nobis
1159 3419 1328 3474 communis
1343 3421 1469 3490 quaestio
1482 3421 1512 3476 in
1526 3423 1574 3479 his
1590 3426 1764 3492 renascitur,

943 3505 1009 3561 ques
1024 3490 1054 3544 in
1065 3489 1185 3560 reliquis
1199 3489 1277 3544 velut
1293 3495 1397 3546 curata
1409 3491 1565 3549 videbatur
1578 3496 1765 3569 :Siquando

942 3560 1173 3625 inundaverant,
1184 3559 1305 3633 aliquod
1316 3562 1447 3631 spatium
1462 3563 1669 3637 relinquebant
1681 3585 1687 3633 ;
1697 3576 1725 3625 et
1739 3569 1764 3625 si

943 3647 1004 3688 non
1020 3631 1076 3686 hoc
1092 3632 1268 3697 habuerant,
1297 3634 1420 3702 quando
1447 3649 1574 3692 reversis
1603 3646 1673 3695 sunt
1692 3640 1765 3713 quid

943 3702 1110 3774 implebant
1121 3703 1134 3758 ‘t
1145 3702 1242 3758 Crateri
1255 3703 1333 3759 hanc
1347 3704 1544 3776 questionem
1553 3707 1594 3763 ila
1604 3710 1766 3778 disserunt,

943 3774 1025 3848 quod
1036 3788 1117 3830 mare
1134 3779 1202 3829 tuno
1216 3773 1268 3830 Dei
1281 3776 1371 3845 jussu
1381 3776 1419 3831 de
1433 3793 1488 3834 suo
1505 3780 1595 3835 modo
1608 3789 1765 3851 consuet0,
1836 3789 1841 3797 '

944 3862 997 3918 per
1015 3844 1134 3901 illorum
1151 3845 1278 3901 lentium
1294 3849 1477 3919 apertionem
1494 3865 1635 3919 crescere,
1648 3861 1675 3910 et
1691 3854 1768 3912 ultra

944 3922 1040 3973 metas
1057 3933 1129 3971 suas
1145 3915 1340 3973 inundatione
1357 3918 1478 3975 insolita
1492 3938 1545 3992 per
1558 3931 1666 3981 cuncta
1684 3932 1767 3982 terrae

946 3989 1043 4061 spatia
1058 3989 1256 4044 transundare
1272 3995 1395 4061 poterat,
1423 3995 1451 4046 et
1470 3991 1499 4046 in
1516 4009 1546 4049 se
1561 3994 1668 4052 iterum
1685 3999 1769 4071 quod

945 4061 1088 4117 amiserat
1101 4075 1264 4123 resumere,
1280 4061 1327 4116 vel
1341 4061 1430 4117 etiam
1443 4062 1472 4117 in
1483 4065 1614 4134 spatium
1627 4073 1709 4125 terrie
1721 4072 1770 4125 ile·

945 4139 1074 4202 portare,
1087 4131 1169 4203 quod
1184 4132 1222 4187 ad
1234 4130 1387 4188 inleriores
1396 4149 1491 4204 aquas
1506 4138 1688 4207 pertinebat:
1701 4156 1769 4212 qum

946 4209 1149 4273 terrasempor
1161 4204 1366 4273 superpositas
1378 4204 1518 4275 lymphas
1529 4208 1627 4265 niside
1637 4208 1770 4266 lontibus

947 4274 1117 4338 absumere,
1139 4278 1168 4328 et
1192 4275 1221 4328 in
1236 4276 1427 4345 semetipsam
1445 4277 1578 4347 redigere
1591 4282 1768 4348 consuescit,

946 4346 1264 4417 quoniainnoncontra
1277 4347 1523 4403 consuetudinem
1535 4349 1671 4405 videmus
1681 4354 1770 4409 etiam

947 4432 1109 4487 perparvas
1118 4432 1166 4472 res
1179 4417 1208 4471 in
1222 4416 1320 4485 majus
1335 4432 1476 4472 crescere.
1491 4421 1547 4474 Nec
1571 4428 1674 4478 contra
1687 4430 1771 4480 natu·

947 4504 1011 4544 ram
1024 4492 1167 4551 terraecst,
1177 4487 1380 4557 superpositos
1390 4488 1531 4545 humores
1540 4507 1771 4563 semperconsu·

949 4574 1039 4623 mere,
1054 4557 1215 4630 praesertim
1229 4573 1298 4612 cnm
1314 4559 1371 4613 hoc
1387 4561 1463 4613 Deus
1479 4560 1508 4615 in
1524 4566 1669 4633 potestate
1680 4566 1770 4622 etiam

949 4631 1058 4687 sanctis
1074 4629 1135 4682 suis
1150 4627 1262 4693 tribuit,
1299 4629 1534 4686 uemadmoilum
1547 4634 1771 4709 Eliaeetlilysreo

949 4644 1771 4773 (iilflepaviiiualmlilim.iiuaotueulsianubeoulm.

949 4774 1037 4831 llaria
1050 4786 1170 4843 quoque
1181 4773 1560 4846 extraterminosantiquos
1568 4792 1774 4838 creseerecon·

950 4847 1100 4908 suescunt,
1110 4848 1138 4897 et
1148 4845 1292 4898 terrarum
1302 4844 1400 4915 spatia
1413 4845 1584 4904 diminuunt
1598 4856 1687 4923 atque
1701 4869 1774 4921 pue·

949 4916 1099 4979 scindunt,
1114 4915 1774 4992 sicutetsenesnostraadbuctemporeviven-

949 4991 1003 5056 tes,
1015 4985 1126 5041 vidisse
1139 5000 1169 5040 se
1182 4986 1368 5043 conllrmaut.
1385 4988 1466 5043 Unde
1477 4990 1566 5046 etiam
1582 4992 1697 5050 insulas
1729 5009 1774 5049 uua

950 5058 989 5114 ab
999 5057 1083 5114 initio
1097 5056 1208 5113 conditi
1221 5058 1314 5126 orbis,
1329 5058 1452 5116 utmulti
1464 5061 1626 5126 allirmanl,
1643 5010 1775 5120 ironiae·

950 5134 1027 5197 rant‚
1043 5143 1183 5210 processu
1201 5127 1343 5210 temporis
1359 5129 1482 5197 iaciunt,
1508 5136 1580 5189 dum
1605 5135 1776 5217 propinqua

951 5199 1403 5273 promontoriamarinisfinibus
1414 5205 1600 5258 acontineuti
1613 5210 1691 5261 terra
1702 5205 1777 5261 divi·

951 5271 1037 5328 dunt.
1052 5270 1191 5342 Perquod
1200 5270 1380 5339 intelligitur,
1392 5273 1473 5343 quod
1484 5274 1687 5403 illaelererguae
1699 5278 1777 5333 insu·

951 5343 1049 5400 larum
1066 5341 1190 5397 orbibus
1203 5340 1472 5408 incliiduntiir‚non
1484 5343 1617 5403 humana
1645 5348 1778 5413 iligentla

951 5412 1188 5483 dereclm,sedin
1202 5411 1251 5467 illa
1262 5411 1605 5473 divisioneinsularuina
1615 5421 1778 5477 continenti

953 5491 1031 5541 terra
1047 5487 1170 5555 repertas
1182 5498 1245 5538 esse
1255 5483 1429 5555 probantur.
1438 5486 1509 5550 Quis
1520 5487 1700 5553 enim,verbi
1713 5509 1778 5562 gra-

952 5557 1005 5623 tin,
1021 5556 1117 5627 lupos,
1132 5570 1242 5615 cervos,
1260 5560 1288 5609 et
1310 5554 1460 5610 silvaticos
1488 5574 1604 5625 porcos,
1621 5568 1646 5617 et
1664 5558 1776 5634 vulpes,

954 5634 1088 5691 rixones,
1099 5632 1127 5680 et
1142 5625 1360 5692 leiiiisciilos‚et
1374 5628 1777 5700 sesqiiivolosinHiberniam

955 5699 1115 5759 deveheret
1134 5697 1147 5756 ‘l
1165 5698 1212 5755 llel
1230 5698 1356 5773 qualiter
1370 5700 1394 5755 si
1410 5707 1480 5757 tuuc
1501 5701 1665 5763 iloineslica
1684 5720 1797 5779 cruutp

1702 166 1773 225 itae
