3952 6150
73 154 147 211 sees
307 160 310 165 ·
797 122 801 129 ’
835 152 1028 212 mensotis.
1087 204 1090 211 .
1706 150 1780 215 etet

70 289 152 333 nunc
168 273 281 355 audiuit
297 272 430 357 Charitas
451 279 561 342 restra,
580 276 748 334 secundnm
767 280 898 337 vestram
951 283 1124 351 temporum
1136 278 1212 337 sicut
1231 278 1313 337 mola
1326 279 1461 347 conterit,
1484 284 1514 337 et
1531 281 1562 337 in
1577 296 1653 355 gyro
1678 282 1774 350 mittit,

70 346 322 404 consuetudinem
334 350 556 403 animnattento
564 347 715 421 suscipite.
734 348 898 406 hixitentm
950 350 988 405 dc
1022 351 1110 407 nibus
1122 350 1267 423 scriptum
1281 357 1333 415 est,
1352 352 1385 407 lo
1402 352 1522 408 circuitu
1541 353 1625 424 impii
1635 354 1776 413 ombuiout

25 467 27 471 ,
68 418 179 474 heatus
191 417 556 486 ioannaaevangelialase
569 418 677 476 vidisse
688 423 796 476 coelum
809 435 897 491 aper·
950 420 984 493 (Ρ
1028 421 1775 500 .xi,9).Qnornminleliroccupatiosemperqna-

71 494 147 554 tnm,
161 489 198 544 Et
209 504 355 560 eccoequus
369 487 455 553 nibus,
471 495 496 544 ei
505 505 591 545 sessor
603 491 660 561 ejus
672 498 783 547 vocatur
795 490 898 547 Fidelis
950 493 974 548 si
989 493 1101 565 incipit.
1116 495 1154 550 Et
1167 510 1220 549 mom
1230 494 1385 550 t'ooeaietur
1396 494 1514 564 amptius
1527 509 1537 547 .·
1550 502 1575 552 et
1587 512 1638 550 occ
1648 496 1776 555 cithera·

69 565 96 615 et
115 561 205 627 Verus,
220 566 246 616 et
254 558 325 616 oculi
335 560 393 630 ejus
410 567 441 616 ut
453 562 563 631 tiomcso
573 562 656 633 iocis,
671 568 697 617 et
716 578 798 635 super
817 568 897 634 caput
949 564 1053 629 dorum,
1079 571 1106 620 et
1133 566 1307 631 musicorum,
1334 573 1360 621 et
1374 565 1527 632 tibicinum,
1540 572 1565 622 ei
1590 568 1775 639 &istotorum

70 632 130 703 ejus
144 636 225 687 eraut
245 630 402 687 diademato
418 633 507 688 muita
521 632 571 689 :in
586 632 636 689 ilio
649 633 785 690 animast
800 634 897 690 multi·
948 635 1140 692 emunaetas
1149 637 1178 692 iu
1191 638 1359 709 eoompirue:
1363 636 1583 707 jucunditatem
1594 637 1666 693 dicit
1679 645 1774 696 trans·

71 702 144 759 tudo
164 708 390 761 coronatorum.
410 704 517 759 Hobeme
543 720 637 760 comm
663 705 804 777 seriptum,
828 704 897 777 quod
948 705 990 762 irc
1005 707 1045 763 im
1071 710 1179 772 iorum.
1191 713 1220 764 et
1232 709 1295 779 jam
1311 723 1371 764 non
1387 708 1522 764 inveniri.
1538 708 1570 764 Et
1581 708 1692 780 adiecit
1705 725 1775 767 cau-

69 791 145 831 memo
167 774 218 830 ecit
244 773 465 857 misiipsetipee
481 775 709 848 utiqueetqua
731 778 760 832 in
787 774 897 833 illoest
948 793 1025 842 sam,
1059 780 1149 843 icens,
1166 779 1298 846 Quoniam
1312 784 1474 835 mercatores
1503 779 1547 835 tui
1567 782 1774 838 erootmocimi

70 846 170 902 omnis
185 845 326 902 Ecclesia.
343 846 383 902 Et
394 845 623 903 circumdatusest
637 851 707 903 oeric
728 864 824 918 sparso
834 864 896 903 scu·
949 852 1055 907 terra:
1070 849 1100 904 id
1111 857 1165 919 est,
1178 852 1323 923 quoniam
1339 853 1369 906 in
1379 852 1440 906 vita
1450 856 1501 906 tna
1512 852 1666 922 percepisti
1680 852 1770 910 hona.

68 918 151 990 quiue
167 935 177 973 .·
193 918 405 974 vestimentum
420 917 526 974 Christi
537 917 669 975 Ecclesia
687 924 734 975 est
748 935 839 991 qnam
854 923 897 975 in·
948 920 1081 987 Quoniam
1094 923 1270 993 iooemeiteiis
1288 922 1344 978 tuis
1357 927 1521 977 errooesumt
1535 938 1622 977 ommes
1634 929 1732 993 gerice,
1746 932 1772 981 et

68 988 136 1046 duit
147 1003 155 1055 ;
168 988 229 1044 hac
239 994 283 1045 est
295 989 472 1060 passionum
485 990 632 1060 sanguine
644 990 767 1046 variata.
780 991 818 1046 Et
825 990 896 1046 dici·
946 995 1061 1063 conquir
1074 992 1271 1064 Prophetarum
1293 1000 1318 1050 et
1342 1001 1496 1049 remotorum
1525 994 1648 1049 imoemtas
1669 1001 1707 1050 est
1718 1012 1773 1051 om·

70 1067 224 1117 turmomem
240 1061 297 1132 ejus
310 1059 476 1116 Sermoliei.
493 1060 896 1133 Exercitusquisuutimcoeio
948 1063 1090 1119 miumote
1111 1066 1259 1121 occisorum
1270 1080 1301 1119 su
1334 1072 1477 1122 rtet-rom.
1498 1063 1651 1135 Numquid
1665 1064 1772 1123 eadem

69 1132 248 1204 uqueioutur
261 1147 321 1187 eum
343 1131 458 1203 imaquie
480 1131 550 1187 cibis
571 1132 621 1187 :id
641 1138 695 1197 est,
715 1131 845 1190 Ecclesia
863 1135 894 1190 in
947 1136 1053 1191 civitas
1072 1136 1181 1194 occidit
1193 1141 1303 1209 aposto
1315 1151 1359 1200 os,
1371 1151 1437 1209 qna
1452 1140 1480 1193 et
1492 1135 1694 1208 Prophetaset
1708 1153 1773 1194 om·

69 1203 247 1274 corporibus
261 1202 399 1260 candidis
419 1202 553 1259 imitatur
564 1217 645 1269 eum,
661 1205 736 1260 sicut
748 1219 840 1276 snpra
851 1203 895 1260 di·
947 1220 1001 1261 nes
1020 1206 1151 1279 reliquos
1173 1212 1320 1280 martyres
1341 1206 1422 1264 tSed
1441 1207 1506 1263 hac
1520 1213 1563 1263 est
1577 1206 1678 1264 civitas
1705 1223 1771 1265 om·

69 1279 152 1330 ctum
166 1278 221 1344 est,
242 1274 276 1330 lli
296 1281 359 1330 suut
373 1274 422 1347 qui
434 1279 585 1346 sequuntur
600 1277 718 1345 Agrum,
734 1291 894 1348 quocumque
947 1276 1030 1332 nium
1050 1278 1261 1348 superborum,
1273 1294 1368 1360 quam
1381 1279 1451 1336 Cain
1461 1277 1612 1335 iratrissni
1623 1278 1772 1347 sanguine

69 1345 138 1401 ierit
148 1346 244 1427 (apoc.
261 1361 322 1413 xiv,
337 1347 380 1414 t).
396 1345 492 1401 induti
504 1345 566 1400 cibo
582 1344 683 1416 byssino
704 1346 812 1412 muodo,
832 1363 894 1421 quo
946 1345 1130 1414 fundadavit,
1145 1355 1172 1404 et
1188 1356 1306 1406 vocarit
1318 1365 1429 1406 nomen
1444 1350 1507 1422 ejne
1521 1350 1642 1407 nomine
1656 1348 1707 1406 lilii
1724 1350 1771 1406 sni

68 1415 559 1486 delinivitjuetasanctorumiacta.
571 1416 894 1489 Etecoreejusproeesiit
947 1418 1047 1475 Enoch
1063 1419 1139 1543 SGeu.
1156 1436 1193 1485 iv,
1216 1424 1265 1490 Π),
1281 1419 1311 1475 id
1324 1427 1378 1489 cst,
1395 1421 1597 1494 posteritatis:
1624 1420 1696 1492 qnia
1708 1436 1771 1478 om·

66 1488 179 1560 gladius
188 1488 227 1543 bis
236 1488 471 1560 ocutuesipseest
483 1487 582 1560 dequo
593 1486 801 1546 defenduntur
807 1489 892 1560 justi,
946 1504 999 1545 nes
1017 1506 1064 1545 ma
1081 1491 1099 1555 i,
1116 1492 1146 1546 in
1172 1492 1284 1563 quibus
1309 1497 1353 1547 est
1379 1490 1554 1563 Babylonia,
1576 1492 1771 1549 succedentes

69 1560 235 1631 puniuntur
252 1558 366 1629 injusti.
385 1558 420 1616 Ut
433 1559 464 1614 iu
478 1575 506 1614 eo
521 1560 657 1629 percutiat
672 1566 759 1630 peotes
775 1567 820 1615 :et
836 1561 893 1632 ipse
945 1560 1112 1634 sibi,nsque
1125 1561 1262 1618 adfinem
1269 1562 1602 1636 mnndipersequuntur
1613 1563 1770 1619 Ecclesiam

68 1637 141 1703 reget
160 1647 204 1686 ecs
216 1632 245 1685 im
255 1631 439 1702 osrooferreo.
452 1630 513 1702 lpse
524 1630 810 1687 eoioottorcuioroimi
821 1631 893 1687 indi·
947 1630 1009 1689 Dei.
1020 1633 1050 1688 ln
1063 1632 1339 1702 civitatcergocain
1351 1633 1485 1689 tunditur
1494 1632 1696 1700 omuisrououu
1706 1635 1770 1704 jiu-

67 1701 205 1774 ouotiomis
217 1701 269 1758 ira
284 1702 338 1757 Dei
353 1701 561 1773 omnipotentia:
578 1702 673 1758 calcat
693 1703 780 1760 eiiam
802 1718 891 1770 nunc,
945 1709 988 1758 tus
1003 1720 1020 1759 o
1033 1704 1165 1775 respuisse
1175 1703 1243 1759 atet
1248 1704 1321 1775 justi
1335 1720 1416 1776 usque
1435 1704 1470 1759 od
1496 1704 1654 1776 sanquinem
1668 1704 1771 1759 Zoclia-

67 1772 193 1845 quando
209 1773 305 1830 malos
338 1774 459 1830 ermiitit
480 1771 578 1829 iacere
593 1773 718 1839 mallim,
731 1780 760 1830 et
774 1773 894 1829 dimittit
945 1774 1046 1839 riae,id
1059 1781 1115 1839 est,
1135 1774 1238 1846 populi
1250 1780 1279 1831 et
1292 1775 1455 1832 sacerdotis
1472 1792 1479 1839 ;
1496 1776 1569 1831 iuter
1597 1774 1724 1845 tempium
1745 1782 1770 1832 et

68 1860 121 1901 coe
133 1844 162 1900 in
173 1789 377 1916 voluptatissus
389 1844 452 1900 anis
464 1860 472 1909 ;
485 1850 622 1915 etpostea
634 1851 717 1901 extra
729 1844 891 1912 civitatem,
944 1845 1035 1901 oitore
1044 1846 1154 1916 (blatii.
1169 1862 1250 1913 xxin,
1265 1848 1321 1915 35),
1335 1846 1365 1901 id
1375 1851 1428 1912 est,
1444 1845 1520 1902 inter
1532 1845 1678 1918 populum
1687 1852 1770 1902 atsa-

68 1915 98 1971 id
115 1919 168 1981 esi,
181 1922 264 1972 extra
276 1915 435 1971 Ecclesiam
459 1914 596 1980 calcabit,
612 1931 681 1972 cnm
696 1932 748 1972 eos
787 1916 815 1971 ui
831 1931 892 1972 non
944 1916 1089 1974 cerdotes.
1106 1918 1166 1973 lloc
1181 1916 1249 1975 ideo
1261 1918 1437 1985 dictumest,
1452 1917 1591 1990 quianon
1607 1916 1705 1973 solnm
1718 1932 1770 1989 po·

67 1931 894 2129 atittteettetemeattituletititsit
945 1987 1769 2116 Elitti.sttuite‘Eteti'lttthiat-E

67 2145 171 2196 comem
188 2098 398 2201 ilecreguum'et
413 2127 543 2185 Dominus
556 2129 730 2185 dominorum
745 2148 755 2186 .·
773 2130 830 2186 hoc
845 2133 890 2185 est
945 2129 1031 2187 altari
1047 2130 1254 2201 intelliguntur
1265 2077 1435 2188 sacefdotes
1449 2148 1456 2197 ;
1468 2075 1503 2186 ⁴ilu
1529 2098 1651 2202 templo,
1665 2129 1769 2213 populi

68 2214 180 2257 nomen
190 2201 273 2273 quod
286 2215 376 2257 nemo
391 2200 592 2273 superborum
612 2202 767 2272 cognoscit
782 2218 789 2270 ;
819 2201 892 2283 quia
945 2202 1103 2271 significati
1117 2210 1186 2258 sunt
1202 2203 1309 2262 :aliam
1322 2202 1404 2258 enim
1416 2201 1574 2260 causaloci
1593 2200 1770 2257 nominandi

68 2271 200 2328 Ecclesia
208 2271 374 2338 serviendo,
399 2272 429 2328 in
445 2272 558 2328 Christo
572 2277 687 2342 regnat,
709 2277 737 2328 et
750 2271 892 2329 domina·
944 2288 1005 2329 non
1021 2271 1085 2330 luit.
1101 2276 1168 2330 liae
1182 2281 1226 2330 est
1241 2275 1344 2330 civitas
1358 2289 1426 2346 qua
1442 2272 1579 2330 interficit
1592 2273 1768 2344 Prophetas,

68 2348 117 2399 tur
131 2343 352 2400 dominantium
364 2360 372 2411 ;
386 2341 417 2398 id
441 2346 495 2409 esi,
521 2343 613 2399 vincit
627 2344 697 2400 vitia
712 2348 740 2399 et
755 2349 889 2408 peccata.
944 2350 973 2400 et
986 2343 1101 2416 lapidat
1116 2345 1226 2401 missos
1242 2344 1281 2401 ad
1290 2360 1333 2401 se.
1351 2347 1417 2401 ilaec
1432 2351 1476 2401 est
1494 2344 1598 2400 civitas
1611 2359 1681 2416 qna
1696 2357 1767 2400 ean-

68 2415 176 2470 Eemnr
190 2419 292 2471 antem
305 2412 464 2484 posteritas
478 2418 532 2479 est,
549 2415 626 2470 sicut
653 2414 735 2477 illud.
748 2414 811 2471 Nom
829 2414 892 2485 defi·
943 2415 1034 2485 guina
1049 2416 1179 2480 struitur,
1191 2417 1267 2472 sicut
1281 2417 1424 2488 scriptum
1441 2421 1503 2472 est:
1523 2415 1578 2478 Va,
1596 2415 1644 2486 qui
1650 2414 1769 2485 aeditimi

67 2487 120 2541 ciet
125 2484 250 2558 peinceps
259 2485 291 2541 de
301 2483 527 2556 femoribustudo
540 2502 546 2542 :
563 2491 591 2542 ct
604 2484 768 2552 Abraham,
776 2500 814 2543 ne
826 2501 892 2557 pce·
943 2486 1082 2542 ciuitatem
1097 2488 1128 2542 iu
1139 2487 1326 2559 somouimibus,
1337 2495 1363 2543 et
1374 2494 1454 2559 perot
1466 2486 1603 2543 ciuitatem
1614 2487 1645 2541 im
1656 2485 1769 2556 intueti·

69 2555 424 2628 ieritasejusalienigenie
434 2556 701 2623 misceretur,inter
712 2573 743 2613 se
759 2572 892 2613 servum·
943 2556 1219 2631 titillabamur)
1236 2559 1242 2614 l
1260 2559 1290 2615 tn
1302 2558 1467 2632 equoalbo,
1481 2559 1589 2630 dequo
1606 2557 1768 2629 supradic-

67 2643 127 2700 qne
154 2644 255 2695 sunm,
281 2633 395 2685 certum
418 2628 622 2684 testimonium
655 2626 753 2684 femur
768 2628 891 2685 adhibet
943 2632 1073 2693 tumeat,
1091 2629 1408 2699 Ecclesiaminteltige:
1426 2627 1768 2699 insessoreejnschrie-

67 2698 233 2769 (aemam,
251 2698 783 2770 litatumb·4).Etcidi,inquit,o
820 2699 889 2754 eiam
943 2702 1007 2755 tum
1021 2700 1181 2756 Dominum
1199 2700 1485 2770 recognosceouod
1496 2705 1597 2757 autem
1610 2700 1693 2766 dixit,
1709 2700 1767 2755 Ho-

65 2774 179 2827 stomtem
196 2770 307 2826 incole:
321 2770 352 2826 id
367 2774 421 2836 esi,
437 2768 662 2840 predicatorem
675 2771 683 2807 ¹
701 2771 731 2826 in
748 2772 803 2826 Ecc
815 2770 889 2827 asia.
942 2768 1005 2825 heus
1019 2787 1111 2827 moenem
1123 2772 1264 2843 seriptum,
1282 2772 1352 2844 quod
1362 2787 1438 2827 memo
1456 2772 1529 2828 morit
1539 2772 1596 2827 misi
1610 2773 1665 2842 ipse
1679 2793 1689 2841 ,·
1702 2771 1767 2842 ipsc

66 2842 106 2898 Et
125 2841 254 2898 chmooit
277 2857 337 2897 ooce
357 2857 453 2913 magno
467 2841 557 2897 diceus
570 2840 693 2897 ommibus
705 2840 811 2911 acibus,
830 2858 889 2913 quae
944 2842 1053 2914 ntique,
1070 2849 1177 2915 atqua
1194 2843 1224 2899 in
1240 2843 1290 2899 illo
1304 2848 1357 2907 asi,
1372 2843 1471 2898 omnis
1484 2842 1625 2900 Ecclesia.
1647 2842 1682 2897 lu
1699 2848 1768 2897 ceste

66 2912 157 2969 ooioat
170 2914 201 2969 iu
210 2913 296 2969 medio
304 2912 467 2969 coiitaves
478 2913 525 2968 vei
537 2911 651 2969 hestiae
666 2928 720 2984 pro
732 2912 799 2968 loco
815 2913 890 2968 acci·
940 2915 1074 2983 sunguine
1097 2930 1111 2967 s
1147 2930 1204 2980 rao,
1232 2920 1310 2970 mart
1329 2930 1376 2970 res
1397 2914 1448 2985 qui
1474 2921 1543 2970 sunt
1567 2914 1597 2970 in
1624 2912 1765 2979 Ecclesia,

66 2983 606 3128 tiit.Ettriulhiliti
625 2982 890 3111 iludeei‘i‘i'iiil
941 2933 1766 3127 itiilaetitaiieittttaalthatlete

66 3127 141 3185 tuto
171 3128 256 3199 Apoc.
267 3146 295 3194 v,
308 3127 337 3198 5)
354 3127 431 3183 :hoc
444 3095 516 3196 ergo
535 3127 565 3182 in
581 3096 647 3183 loco
658 3099 731 3182 aves
755 3125 890 3183 volantes
943 3098 1069 3197 poribus
1082 3126 1229 3182 candidis.
1258 3129 1288 3182 ln
1319 3126 1420 3196 gladio
1448 3096 1495 3181 his
1520 3132 1609 3183 acuto
1632 3131 1765 3198 potestas

67 3198 152 3255 inme
177 3198 205 3254 io
218 3198 294 3264 coeii,
310 3197 455 3254 Ecclesiae
465 3197 546 3266 dicit,
561 3212 638 3270 quas
663 3198 692 3253 in
719 3213 812 3254 unum
823 3213 890 3254 cor·
942 3197 1047 3254 Christi
1062 3197 1243 3267 intelligitur,
1259 3197 1297 3253 de
1312 3213 1374 3269 qua
1389 3196 1593 3254 defenduntur
1609 3197 1696 3266 justi,
1711 3212 1766 3267 pu·

65 3268 718 3399 El“titttil‘tlettlemtitii?
734 3268 888 3396 iletEJi
943 3268 1769 3397 lilii.i“titillatat‘i'lletzl‘lellitltt'i

65 3419 96 3468 ut
106 3382 275 3469 munducetis
289 3358 507 3483 caryuesyreoum,
518 3417 543 3467 et
561 3428 655 3467 mrum
675 3357 848 3469 trilb'quoorum
862 3380 888 3468 οἷ
943 3356 1114 3481 aasa’iiguii
1127 3409 1365 3481 confringuntur.
1380 3356 1580 3477 Quod’aui'em
1597 3353 1693 3490 dixti,
1708 3408 1768 3479 lpse

65 3483 191 3555 fortium,
206 3488 232 3540 et
244 3500 339 3541 corner
358 3500 487 3555 equorum
500 3490 526 3539 ei
539 3483 687 3539 sedentium
700 3500 781 3556 super
795 3500 848 3550 eos,
864 3489 889 3539 et
941 3482 1026 3539 coicot
1049 3483 1171 3539 torcuior
1197 3482 1257 3538 ciui
1283 3483 1334 3539 ira
1359 3483 1411 3538 liei
1426 3482 1639 3553 omnipotentes:
1667 3479 1766 3536 calcat

66 3572 160 3611 coruos
171 3555 291 3612 ommium
306 3555 455 3611 liberorum
468 3562 640 3611 etseroorum
650 3562 675 3610 et
689 3557 854 3626 pusillorum
864 3561 888 3611 et
942 3556 1022 3611 enim
1038 3555 1126 3611 etiam
1142 3569 1232 3620 nnnc,
1248 3554 1372 3627 qnando
1388 3553 1483 3610 malos
1493 3552 1635 3625 permittit
1653 3556 1686 3607 ut
1699 3566 1768 3633 par-

65 3643 225 3698 mopmorum
241 3645 252 3683 .·
266 3642 373 3684 omnes
394 3627 474 3682 enim
489 3634 602 3699 gentes,
626 3626 749 3698 qnando
766 3628 795 3682 in
811 3627 889 3681 Chri·
943 3631 1108 3708 sequantur
1121 3625 1228 3694 bonos,
1249 3632 1278 3682 et
1292 3625 1415 3691 dimittit
1433 3640 1485 3681 eos
1509 3624 1539 3680 in
1566 3622 1768 3694 voluptatibus

67 3699 277 3755 atocredentes
290 3697 427 3755 Ecclesia
440 3698 679 3770 incorporantur,
697 3696 889 3770 spiritualiter
943 3695 1359 3769 sn1s;sedp0etearetribuet
1380 3696 1505 3770 qnando
1515 3694 1623 3767 eosqui
1632 3709 1691 3749 non
1700 3707 1767 3762 ege·

66 3769 107 3824 ab
123 3769 252 3826 Ecclesia
263 3768 474 3827 comeduntur.
506 3771 538 3824 Et
550 3768 692 3840 posthac
715 3768 753 3825 de
767 3768 888 3825 diaholo
942 3770 1001 3825 rint
1016 3768 1231 3839 poenitentiam,
1258 3767 1354 3824 mittet
1372 3769 1402 3824 in
1422 3767 1602 3838 gehennam.
1621 3763 1768 3833 Angelum

66 3841 108 3896 ait
123 3856 130 3896 :
147 3840 187 3896 Et
199 3840 300 3897 clausit
314 3849 339 3896 et
353 3840 471 3912 signarit
484 3856 565 3911 super
588 3855 657 3905 eum,
671 3856 703 3895 ue
718 3839 825 3896 seducet
840 3856 887 3895 uo·
943 3845 1072 3895 stantem
1087 3840 1115 3894 in
1131 3839 1203 3903 sola,
1229 3839 1471 3909 pradicationem
1493 3838 1523 3894 in
1539 3835 1670 3893 Ecclesia
1684 3834 1767 3917 intel·

63 3911 330 3984 tiouersuoquedum
341 3911 705 3983 fiiuomturmiileomoiisti
716 3911 888 3982 intellignn·
942 3910 1010 3982 lige.
1028 3910 1096 3966 ideo
1107 3912 1187 3966 enim
1204 3910 1333 3966 Ecclesia
1348 3909 1402 3966 soli
1425 3905 1768 4036 comfflratnr,qn1ada

66 3987 115 4039 tur
138 3983 217 4040 mille
257 3984 340 4051 anni,
361 3983 415 4057 qui
441 3981 480 4039 ab
499 3982 631 4039 adventu
653 3984 770 4039 Domini
793 3982 888 4038 nostri
943 3982 1139 4053 eascripium
1165 3984 1218 4047 eet,
1238 3981 1397 4052 Tumojusti
1420 3980 1493 4053 soloe
1529 3980 1769 4045 aristomachem

65 4058 206 4122 aguntur.
222 4055 252 4110 ln
267 4054 331 4111 istis
344 4069 416 4126 ergo
432 4055 576 4111 Dominus
593 4052 714 4110 diaholo
739 4053 890 4110 interdixit
943 4069 1025 4125 reguo
1037 4054 1128 4123 petris
1149 4068 1240 4109 eorum
1253 4052 1364 4124 (blattis.
1391 4070 1453 4118 xlii,
1476 4056 1510 4110 43
1526 4094 1533 4107 .
1549 4050 1636 4117 Quod
1651 4055 1765 4118 autem,

66 4140 103 4182 ne
116 4125 239 4182 seducat
253 4125 390 4183 nationes
407 4144 414 4192 ;
430 4125 482 4181 sed
499 4141 567 4198 qua
583 4126 612 4182 in
629 4127 720 4180 vitam
732 4124 889 4181 destinata
943 4124 1209 4180 ctcmocitommiius
1225 4124 1404 4196 coitumque
1426 4123 1563 4180 minutim
1588 4120 1769 4186 medioeoii;

65 4203 145 4265 aunt,
161 4213 236 4269 quas
251 4202 340 4254 antea
352 4197 521 4263 seducebat,
535 4212 572 4253 ne
588 4199 647 4253 lieo
664 4196 889 4253 reconciliaren-
943 4211 1015 4252 aves
1028 4195 1085 4251 illa
1100 4196 1229 4252 Ecclesia
1240 4196 1421 4264 intelligitur.
1433 4194 1518 4261 Quod
1534 4198 1633 4249 autem
1653 4190 1766 4246 dictum

67 4273 123 4324 tur.
135 4268 197 4324 Post
209 4268 265 4324 itae
281 4274 385 4340 oportet
409 4284 470 4324 eum
493 4267 560 4325 coici
586 4267 686 4323 modico
700 4274 752 4323 iem
787 4284 838 4323 re:
858 4266 890 4322 id
943 4272 998 4331 eat,
1014 4267 1226 4339 congregamini
1239 4266 1384 4347 odeomom
1397 4281 1532 4336 maguum,
1546 4260 1768 4344 utflmomducetis

64 4345 119 4407 est,
134 4344 267 4411 tempore
283 4338 463 4405 antichristi,
477 4354 545 4395 cum
573 4339 722 4396 revelatus
756 4338 830 4395 norit
840 4338 889 4394 ho·
943 4354 1140 4411 coenomyam
1155 4346 1287 4396 etcormes
1301 4336 1475 4392 tribunorum
1492 4334 1570 4404 ,·hnc
1586 4349 1615 4389 tn
1637 4332 1768 4389 Ecclesia

65 4425 117 4467 mo
130 4411 255 4482 peccati,
268 4426 337 4467 cnm
353 4410 501 4483 acceperit
511 4412 604 4467 totam
618 4425 703 4482 perse
728 4409 817 4466 uendi
837 4424 890 4482 po·
944 4410 1007 4466 fleri
1022 4411 1051 4466 in
1068 4411 1188 4467 veritate
1202 4409 1424 4478 cognoscimus.
1436 4408 1511 4463 Nam
1519 4403 1647 4488 quando
1659 4417 1767 4459 omnes

65 4485 212 4548 testatem,
224 4483 345 4555 qualem
356 4497 417 4538 non
428 4481 542 4554 accepit
554 4481 593 4538 ah
604 4482 696 4538 initio.
740 4480 891 4538 iileannos
944 4487 1046 4553 gentes
1068 4480 1204 4537 Ecclesia
1223 4480 1466 4551 incorporantur,
1481 4476 1674 4549 spiritualiter
1684 4487 1768 4530 com-

65 4552 151 4620 dixit,
165 4559 279 4625 partem
290 4569 346 4626 prc
360 4558 433 4610 toto.
450 4553 500 4610 liic
512 4553 676 4625 reliliqnias
704 4552 784 4610 milla
798 4567 891 4609 anno·
945 4554 1090 4609 eduntur:
1115 4556 1144 4608 et
1166 4551 1218 4624 qui
1234 4547 1367 4607 devorati
1385 4566 1403 4606 a
1422 4548 1545 4606 diaholo
1559 4552 1643 4604 erant
1656 4560 1767 4618 corpus

65 4639 134 4681 rum
148 4625 220 4681 serti
233 4624 303 4687 diei,
318 4624 349 4681 in
369 4639 431 4697 quo
446 4628 536 4681 natus
551 4629 598 4680 eet
619 4624 765 4681 Dominus
781 4629 808 4682 et
820 4639 893 4696 pas·
945 4622 1069 4689 diaboli,
1080 4622 1209 4695 suscepti
1229 4622 1268 4680 ab
1286 4621 1415 4679 Ecclesia
1441 4620 1579 4677 membra
1597 4617 1769 4701 efficiuntur

66 4711 131 4760 eus,
150 4695 274 4765 intelligi
287 4695 390 4752 voluit.
407 4694 554 4752 Posthac
569 4696 609 4752 ait
624 4713 632 4752 ι
659 4696 716 4761 Va,
732 4696 892 4763 ametritae
946 4693 1062 4750 Christi.
1078 4693 1164 4760 Quod
1180 4704 1281 4750 autem
1296 4694 1334 4750 da
1348 4693 1471 4750 diaholo
1481 4692 1566 4756 dixit,
1586 4692 1619 4747 Et
1633 4689 1767 4746 clamitet

65 4766 234 4839 iiiomopmo,
251 4768 281 4823 im
293 4784 348 4841 quo
361 4766 449 4824 ditoti
462 4773 526 4823 sumi
545 4784 633 4823 ommes
648 4766 749 4839 iiiiqui
762 4766 892 4823 bubeium
945 4765 1067 4837 sigaooit
1084 4781 1166 4837 super
1185 4781 1257 4830 eum,
1274 4781 1306 4821 me
1327 4765 1438 4821 uducot
1451 4763 1583 4825 motiones.
1607 4760 1769 4843 usquedum

64 4840 183 4895 maresia
196 4840 270 4895 mori
280 4855 290 4904 ;
304 4839 432 4911 quonium
448 4854 504 4895 uuo
519 4837 586 4895 toro
597 4837 703 4894 deserto
715 4840 775 4894 esti
791 4837 893 4894 Eesui·
946 4837 1083 4910 ficiuntur
1109 4835 1183 4892 miiie
1201 4834 1287 4892 ommi:
1308 4836 1385 4893 sicut
1398 4834 1514 4892 dictum
1534 4838 1589 4899 est,
1613 4832 1660 4888 ish
1688 4830 1768 4887 mille

64 4916 103 4975 to,
118 4910 223 4979 omium,
242 4926 324 4982 super
338 4926 406 4979 eom,
433 4916 458 4966 et
470 4910 570 4976 saucii,
586 4914 613 4965 et
628 4910 763 4981 Apostoii,
783 4915 809 4965 et
824 4912 879 4966 Pro
946 4907 1051 4965 annia
1068 4907 1208 4989 passione
1219 4907 1335 4964 licmini
1360 4911 1500 4976 aguntur,
1524 4903 1681 4984 inquibus
1707 4914 1768 4957 non

64 4981 162 5054 pieta.
185 4980 339 5055 Numquid
364 4981 430 5038 sola
455 4980 620 5053 Babylonia
643 4981 748 5037 civitas
766 4979 892 5038 inomni
947 4977 1356 5052 permittiturdiaboloiacere
1369 4982 1516 5050 qnantum
1529 4975 1769 5056 vnlt;qn1an0n

66 5053 182 5109 mundo
196 5052 385 5126 persequitur
400 5055 452 5109 ant
465 5057 623 5125 persecuta
643 5056 686 5109 ast
709 5051 758 5108 Dei
781 5067 892 5116 servos,
948 5051 1092 5123 permittit
1104 5050 1182 5107 Dens
1200 5049 1308 5107 tentari
1334 5064 1436 5105 servos
1451 5064 1521 5105 sitos
1534 5062 1629 5120 snpra
1641 5044 1672 5101 1d
1685 5040 1769 5116 quod

66 5128 102 5180 ut
123 5124 191 5198 ipsa
214 5124 365 5181 exstincta
389 5123 517 5180 universi
546 5122 734 5180 vindicentur
752 5124 767 5180 i
789 5127 819 5179 ln
832 5127 893 5179 toto
947 5127 1076 5195 possunt
1090 5121 1235 5179 sustinere
1246 5121 1279 5192 (Ι.
1297 5122 1362 5177 Cor.
1375 5137 1405 5185 x,
1420 5119 1569 5193 13).οοοο
1585 5122 1686 5174 anam
1701 5128 1769 5194 poa·

67 5194 483 5268 enimnundoestliabylonia
495 5193 623 5251 inmalis
639 5193 894 5265 gominihns‚etin
949 5198 995 5250 tea
1008 5193 1128 5250 modico
1144 5198 1277 5265 tempore
1300 5190 1462 5248 solvendus
1481 5194 1535 5256 est,
1556 5194 1675 5259 tempus
1691 5188 1770 5241 Anh-

67 5271 129 5324 toto
138 5266 253 5325 mundo
268 5266 458 5340 persequitur
467 5265 573 5324 bonos.
588 5267 626 5323 Et
635 5265 700 5322 tulit
707 5265 895 5337 umusonoeius
948 5263 1050 5320 christi
1064 5264 1245 5334 designatur,
1260 5264 1289 5320 in
1302 5278 1364 5336 qno
1375 5262 1521 5333 majorem
1530 5262 1706 5332 potestatem
1718 5271 1771 5338 aa·

70 5338 197 5422 lapidem,
206 5347 236 5395 ut
251 5338 348 5396 moiom
365 5354 500 5410 tammum,
514 5343 539 5393 et
553 5338 625 5394 misit
643 5338 674 5393 im
684 5354 771 5407 more,
784 5336 894 5393 οἰοοοοε
949 5335 1050 5392 viendi
1066 5334 1205 5392 diabolus
1218 5339 1394 5406 accepturus
1406 5339 1460 5390 est.
1488 5331 1574 5398 Quod
1586 5335 1687 5388 antem
1701 5327 1771 5383 dict·

67 5410 233 5483 Secimpetu
255 5409 399 5494 dejicietur
427 5409 481 5467 itio
499 5408 623 5482 Buiyiou
653 5410 750 5465 ciuitas
768 5422 894 5490 ,mogum
949 5411 1007 5490 tur,
1025 5407 1149 5471 Vara,
1164 5406 1260 5462 ciuitas
1271 5407 1386 5477 monol
1401 5398 1768 5526 Babyloniaflintelligitnr.

67 5480 137 5538 ideo
150 5481 348 5555 Babyloniam
362 5479 569 5538 velutmolam
585 5496 727 5551 magnam
744 5480 896 5551 dicitpro·
950 5478 1223 5535 Sciendumtamen
1237 5482 1291 5542 est,
1305 5477 1459 5549 qnodnon
1474 5474 1538 5532 sola
1552 5477 1657 5556 civita
1694 5469 1771 5551 abp-

67 5553 190 5626 Jeciam,
213 5554 287 5627 quia
314 5567 421 5611 omnes
449 5556 600 5611 amatores
625 5551 730 5610 mundi
749 5549 895 5609 resolutio
950 5548 1033 5606 ionia
1045 5548 1233 5622 persequitur
1257 5547 1683 5619 sanctos,ntipsaext1ncta
1707 5556 1773 5597 uni·

950 5620 1027 5677 versi
1040 5619 1236 5678 vindicentur.
1254 5618 1287 5676 ln
1301 5622 1364 5676 toto
1378 5618 1460 5676 euim
1484 5617 1599 5675 mundo
1614 5618 1660 5673 aet
1672 5612 1771 5686 Baby·

98 5702 198 5765 tiles..
211 5703 432 5771 ρωοὸοιοίοοω.
950 5690 1034 5751 ionia
1057 5691 1088 5749 in
1100 5690 1189 5750 mdis
1203 5688 1388 5758 hominihus,
1400 5689 1473 5749 etin
1488 5692 1550 5748 toto
1564 5685 1680 5747 mundo
1706 5698 1773 5760 per·
