3952 6150
130 311 208 373 taes

129 447 254 518 quisque
278 442 403 513 recipiet
418 457 426 498 ι
442 454 489 496 me
509 441 606 494 tamen
627 436 764 501 delectat,
778 435 866 492 credo
880 436 909 490 et
923 449 985 501 vos,

129 538 236 593 fratres
252 534 309 590 mei
324 529 432 597 dilecti,
447 529 489 585 sie
509 532 608 583 tenere
632 526 719 582 istam
743 540 855 598 paoem,
871 523 921 579 ubi
936 521 986 578 ed·

130 626 290 685 verreriam
307 619 489 679 concorditer
503 617 659 684 vincimus,
676 620 708 672 ut
721 614 921 672 desideremus
937 630 985 685 pa·

131 734 205 779 cern.
223 716 273 772 ubi
288 710 487 771 adversarium
504 725 561 765 uon
577 706 760 764 habebimus.

165 811 193 867 5.
210 807 290 874 Quod
315 820 381 859 vero
405 799 548 857 Dominus
573 796 715 867 adjunxit,
742 800 829 867 alque
853 795 904 864 ait,
926 794 985 851 ll'orr

130 900 261 978 quomodo
283 895 400 955 mundar
414 893 473 959 dot,
487 906 534 963 eqo
557 887 590 947 do
614 889 704 951 uobis:
727 889 797 961 quid
821 890 867 943 est
891 884 984 953 aliud,

132 992 202 1062 ulai,
216 1006 274 1049 non
291 982 437 1060 quomodo
457 980 592 1037 homiues
606 980 675 1035 daut
689 976 738 1050 qui
753 976 879 1049 diligunt
894 990 985 1031 mun·

132 1086 216 1152 dum,
230 1081 272 1137 ila
285 1079 321 1135 do
333 1073 440 1133 uobis?
453 1071 508 1138 Qui
533 1073 685 1142 propterea
706 1068 779 1124 daal
799 1066 857 1123 sibi
871 1080 984 1138 paoem,

132 1178 165 1232 ut
178 1172 241 1230 sine
256 1165 391 1225 molestia
405 1162 501 1219 litium
518 1164 606 1232 alque
619 1157 773 1226 bellorum,
786 1173 843 1214 non
854 1155 923 1226 Deo,
934 1154 985 1211 sad

132 1263 226 1324 amico
242 1276 295 1319 suo
310 1256 422 1315 mundo
437 1254 682 1327 pertruanlnrzsl
692 1249 809 1323 quando
819 1247 904 1319 justis
914 1247 985 1303 daut

133 1370 235 1430 pacem
250 1355 284 1408 ut
297 1364 356 1406 non
372 1362 422 1404 eos
436 1350 658 1418 persequantur,
671 1358 726 1413 pax
741 1355 799 1396 aon
813 1341 909 1411 potest
922 1351 986 1393 arse

131 1462 209 1515 rare,
221 1442 272 1500 ubi
286 1456 344 1497 noa
360 1440 486 1495 retvers
499 1431 669 1500 concordia;
680 1428 907 1503 quiadisjuneta
916 1429 986 1483 sunt

133 1536 231 1595 corde.
256 1529 407 1600 Quomodo
431 1526 508 1583 enim
531 1538 653 1580 consors
676 1521 794 1587 dieitur,
810 1518 860 1591 qui
875 1520 985 1575 sortem

129 1606 986 1701 Jungltsilailleconcorrdicendumest,quicordejungit.

133 1718 192 1776 Noa
206 1731 285 1789 ergo,
301 1708 478 1775 charissimi,
494 1706 602 1779 quibus
617 1703 750 1761 christus
772 1717 873 1774 pacem
896 1698 987 1758 relin-

134 1808 208 1883 quit,
219 1809 360 1877 atpaoem
371 1815 455 1857 suam
466 1796 553 1855 nobis
564 1797 689 1866 dal,non
700 1793 778 1850 sicut
789 1791 987 1860 mundus,red

134 1904 212 1959 sicat
225 1895 274 1953 ille
290 1907 442 1968 perquem
459 1890 552 1945 lactus
566 1890 611 1944 ast
628 1885 767 1951 mundus,
783 1887 813 1939 ut
828 1882 987 1939 concordes

133 1994 245 2060 simas;
259 1987 421 2060 jungamus
444 1981 567 2038 inuicem
589 1977 686 2045 corda,
703 1980 731 2034 et
743 1992 793 2032 cor
807 1989 897 2031 unum
920 1988 986 2029 snr-

134 2097 203 2140 sum
217 2078 389 2141 habeamus,
406 2088 442 2129 ne
456 2072 663 2142 corrumpatur
676 2068 707 2122 in
722 2070 810 2124 terra.

370 2159 581 2218 iuncturus
601 2156 754 2214 Lxxvut.

134 2263 166 2321 lrr
182 2262 211 2321 id
224 2260 295 2336 qood
308 2257 440 2317 Dominus
453 2254 532 2320 dicit,
549 2253 611 2308 Non
632 2250 767 2308 turbetur
781 2264 831 2304 cor
843 2251 986 2319 vestrum,

223 2366 319 2425 neque
340 2345 486 2413 tormidet,
501 2350 556 2401 ete.
572 2342 637 2412 Cap.
655 2356 713 2410 riv,
729 2341 775 2409 ji.
790 2340 835 2408 27,
851 2340 897 2396 28.

170 2427 987 2514 l.lteeepimus‚lratres,verbaDominidieenlissddisei·

133 2534 219 2609 pulos
233 2547 303 2591 suos
314 2546 321 2587 τ
333 2529 394 2585 Noa
408 2526 595 2583 turbetur-eor
608 2528 834 2592 vestrarumque
847 2519 985 2590 tormidet.

134 2623 255 2683 Audistis
269 2621 335 2693 pala
347 2631 399 2690 epo
413 2615 475 2671 disi
487 2612 572 2678 vobis,
590 2608 669 2672 Volo.
684 2613 709 2666 et
727 2610 810 2666 aenio
824 2607 864 2665 od
878 2623 922 2665 ror
935 2626 947 2663 :
961 2606 987 2665 ri

133 2712 289 2784 attinentis
302 2724 353 2770 me.
368 2705 522 2777 suaderetis
536 2700 643 2773 atique,
654 2698 722 2773 quio
735 2714 784 2769 eqo
799 2698 866 2756 borlo
880 2698 915 2755 od
931 2704 985 2755 Pa·

132 2810 219 2864 trem:
233 2800 300 2871 quio
314 2799 396 2853 Pater
409 2793 498 2863 rarior
519 2806 564 2847 rae
584 2800 635 2847 ort.
651 2789 724 2845 ilinc
743 2803 812 2861 ergo
831 2787 943 2845 turbrri
958 2791 987 2844 ot

132 2892 292 2951 formidare
321 2887 433 2959 poterat
457 2898 506 2939 cor
533 2879 662 2946 illorum,
688 2880 764 2950 quod
789 2878 849 2934 ibat
872 2877 907 2934 ab
932 2877 985 2947 eis,

133 2980 270 3057 quamvis
283 2981 423 3035 venturus
439 2972 474 3029 ad
490 2986 559 3028 eos:
576 2986 612 3026 ne
626 2968 749 3026 lorsilan
764 2983 881 3042 gregem
897 2967 986 3040 lupus

132 3072 189 3130 hoc
212 3064 363 3127 iuterrallo
386 3062 544 3130 invaderet,
569 3058 695 3131 pastoris
732 3057 949 3114 obseruabat
969 3074 987 3114 a

132 3160 242 3235 quibus
257 3159 344 3216 bomo
355 3150 539 3218 abscedebat,
552 3149 628 3205 Deus
639 3164 696 3204 non
708 3146 927 3221 derelinquebat
938 3163 945 3204 :
958 3152 987 3206 et

133 3250 211 3307 idem
235 3248 299 3319 lpse
321 3242 456 3303 christus
480 3239 563 3298 bomo
578 3244 608 3296 et
621 3237 710 3296 Deus.
726 3236 800 3309 Ergo
815 3241 844 3293 et
857 3237 920 3294 ibat
937 3253 988 3308 per

133 3338 163 3395 ld
188 3338 265 3411 qaod
288 3337 376 3394 homo
400 3333 515 3400 erat,et
530 3328 669 3386 manebat
693 3343 744 3399 per
763 3327 792 3383 id
809 3326 886 3397 qaod
910 3326 987 3385 Deus

607 301 648 362 ΙΝ
668 298 830 365 touuuts
850 288 1121 373 uvartoutlttul',
1142 302 1176 365 S.
1199 305 1411 371 uuuusuuu

1813 310 1895 373 1836

1037 441 1077 490 eat
1091 451 1101 493 .·
1116 443 1234 509 propter
1253 441 1336 499 illam
1360 458 1437 517 uero,
1454 445 1508 517 Epo
1531 452 1558 502 et
1581 451 1668 504 Pater
1690 462 1777 503 arram
1798 462 1896 502 ramus

1038 524 1127 596 (loca.
1143 546 1170 595 r,
1185 529 1243 603 30).

1072 618 1101 673 2.
1116 618 1176 676 lloc
1198 624 1330 681 attendet
1354 625 1485 696 arianus,
1501 633 1530 686 et
1550 631 1710 687 attentione
1725 630 1764 687 sit
1777 647 1870 686 eunus
1887 646 1895 686 ι

1038 721 1073 762 ne
1082 710 1267 769 contentione
1276 713 1315 769 sit
1324 731 1426 783 varrus,
1439 721 1500 787 aut,
1511 721 1588 790 qood
1600 724 1643 775 est
1654 721 1747 790 pejus,
1759 720 1895 774 insanus,

1037 802 1103 856 llere
1117 806 1162 858 est
1176 802 1253 863 euim
1268 806 1361 863 lorma
1376 809 1465 876 servi,
1479 811 1506 864 in
1523 827 1581 881 qua
1604 810 1655 866 Dei
1680 810 1772 866 Filius
1797 808 1897 865 minor

1037 896 1092 962 est,
1109 908 1166 949 nnn
1183 898 1267 953 Patre
1282 896 1354 965 solo,
1367 900 1416 955 sed
1431 898 1517 957 etiam
1533 902 1643 974 Spiritu
1659 905 1762 959 ennete
1777 918 1785 957 τ
1798 920 1896 976 neque

1038 981 1065 1039 id
1080 987 1206 1054 tautum,
1218 988 1267 1043 sed
1279 989 1366 1045 etiam
1382 990 1493 1063 seipao;
1507 991 1577 1064 quia
1593 993 1670 1049 idem
1687 992 1789 1066 ipsein
1802 995 1896 1051 lorma

1037 1071 1087 1129 Dei
1104 1074 1196 1145 major
1211 1080 1256 1132 est
1269 1078 1373 1148 seipso.
1386 1079 1483 1152 Neque
1497 1081 1576 1138 enim
1590 1082 1820 1141 hemoCbristus
1835 1102 1894 1142 non

1038 1161 1146 1221 dieitur
1169 1164 1260 1223 Filius
1283 1168 1342 1237 Del,
1358 1170 1435 1241 quod
1451 1169 1537 1227 etiam
1560 1172 1623 1229 sols
1637 1188 1705 1230 caro
1721 1175 1786 1246 ejus
1802 1174 1831 1230 in
1849 1191 1896 1232 se-

1039 1252 1140 1325 pulcro
1156 1257 1264 1314 meruit
1279 1258 1427 1330 appellari.
1440 1262 1510 1317 Nam
1527 1261 1597 1335 quid
1613 1262 1692 1319 eliud
1706 1265 1896 1333 confitemur,

1038 1358 1105 1400 eum
1118 1344 1245 1403 dieimus
1259 1351 1375 1406 credere
1391 1367 1444 1408 uos
1458 1351 1488 1407 in
1506 1353 1691 1426 unigenitum
1707 1353 1758 1411 Dei
1776 1354 1895 1423 Filium,

1039 1436 1092 1507 qul
1113 1437 1166 1494 sub
1190 1438 1291 1497 Pontio
1313 1440 1403 1499 Pileto
1419 1444 1576 1502 aracillxus
1591 1448 1678 1502 estet
1693 1446 1845 1518 sepultus?
1860 1448 1896 1504 lit

1039 1527 1110 1601 quid
1126 1528 1189 1599 ejus
1203 1528 1259 1585 nisi
1274 1547 1342 1589 caro
1361 1533 1476 1606 sepulto
1497 1537 1543 1592 est
1565 1533 1629 1592 siu'e
1654 1536 1775 1593 animal
1789 1539 1829 1594 Ac
1845 1554 1897 1610 per

1039 1616 1094 1675 hoe
1120 1635 1185 1675 cum
1211 1621 1356 1679 credimus
1375 1623 1404 1679 in
1427 1623 1478 1681 Dei
1500 1624 1605 1683 Filium
1622 1627 1672 1698 qui
1688 1626 1894 1700 reportasset,

1040 1707 1167 1780 prolecto
1184 1709 1289 1766 Filium
1306 1711 1356 1767 Dei
1371 1712 1499 1770 dicimus
1514 1719 1542 1770 et
1556 1730 1673 1771 carnem
1689 1732 1753 1786 quae
1769 1716 1832 1773 sola
1847 1733 1895 1772 se·

1040 1789 1123 1863 pulte
1137 1799 1189 1847 est.
1203 1791 1342 1866 lpseargo
1354 1794 1489 1852 Christus
1505 1795 1596 1853 Filius
1609 1797 1670 1866 Dei,
1681 1797 1803 1869 aequalis
1819 1797 1895 1853 Patri

1040 1879 1070 1935 in
1086 1880 1178 1936 lorma
1192 1881 1254 1951 Dei,
1270 1882 1339 1954 quie
1360 1886 1550 1955 semetipsum
1576 1886 1743 1955 exinanivit,
1760 1903 1818 1943 nou
1835 1888 1894 1943 lor·

1041 1984 1119 2025 mam
1135 1969 1183 2026 bei
1195 1970 1342 2040 omittens,
1353 1973 1402 2028 red
1415 1972 1537 2031 lormam
1548 1976 1622 2031 servi
1634 1975 1789 2047 accipiens.
1799 1977 1897 2047 major

1041 2063 1085 2115 est
1099 2062 1128 2116 et
1139 2060 1253 2132 seipsop
1270 2062 1339 2135 quis
1355 2064 1448 2134 maior
1462 2069 1506 2121 est
1521 2066 1611 2122 lorma
1633 2066 1684 2123 Dei
1699 2082 1762 2138 qun
1782 2067 1896 2125 amissa

967 2175 971 2183 ·
1040 2166 1099 2206 non
1123 2155 1178 2221 ost,
1194 2169 1283 2224 quum
1305 2155 1380 2210 sarri
1403 2172 1468 2227 qure
1491 2163 1609 2230 occepta
1628 2166 1681 2217 est.
1696 2160 1766 2226 Quid
1792 2160 1895 2233 itaquo

1042 2241 1210 2311 mlrnm‚vel
1221 2244 1290 2315 quid
1304 2244 1501 2318 indignumsi
1512 2250 1672 2306 secundum
1684 2249 1758 2305 hanc
1768 2249 1894 2309 lormatn

1039 2331 1117 2390 aerri
1139 2332 1272 2407 loquens,
1289 2336 1329 2392 sit
1349 2335 1400 2392 Dei
1422 2337 1520 2408 Filius,
1536 2340 1619 2395 Pater
1632 2339 1723 2411 maior
1735 2357 1780 2397 rae
1793 2348 1855 2405 ost,·
1868 2346 1898 2399 et

1041 2426 1201 2482 seeundum
1226 2427 1276 2483 Dei
1301 2427 1425 2485 lor-mem
1449 2428 1582 2501 loquens,
1607 2432 1648 2487 ait
1667 2431 1744 2488 idem
1765 2434 1828 2505 ipse
1844 2433 1896 2490 Dei

1041 2513 1141 2583 Filius,
1157 2515 1214 2584 Epo
1229 2520 1255 2571 et
1268 2517 1350 2572 Potor
1363 2533 1450 2573 arram
1465 2523 1576 2575 samaa?
1591 2516 1684 2577 Unum
1709 2525 1779 2577 suat
1802 2523 1895 2589 enim,

1040 2606 1202 2662 seeundum
1227 2605 1256 2661 id
1282 2608 1358 2678 quod
1384 2611 1457 2665 Deua
1479 2614 1539 2666 eret
1565 2610 1683 2667 Verbum
1703 2612 1828 2683 :major
1851 2617 1897 2671 esl

1040 2691 1134 2764 Pater,
1159 2697 1322 2752 secundum
1346 2697 1374 2753 id
1401 2698 1477 2770 quod
1502 2700 1619 2757 Verbum
1639 2717 1702 2758 coro
1725 2704 1832 2773 loetum
1855 2709 1896 2759 ert

1039 2782 1097 2853 (ld.
1112 2799 1131 2852 r,
1145 2785 1170 2852 l,
1188 2784 1242 2857 ll).
1259 2786 1355 2842 binam
1372 2787 1459 2845 etiam
1475 2791 1550 2861 quod
1566 2789 1663 2846 Ariani
1678 2794 1706 2848 at
1719 2791 1896 2849 Eunomiaui

1041 2888 1145 2944 uapore
1166 2890 1225 2931 non
1247 2880 1372 2947 possunt
1387 2894 1394 2933 ι
1411 2881 1570 2936 seeundum
1586 2880 1662 2937 hane
1677 2881 1799 2938 lormam
1817 2881 1896 2940 servi

1040 2979 1115 3035 puer
1136 2963 1270 3022 Christus
1297 2967 1385 3024 etiam
1415 2971 1586 3040 parentibus
1614 2971 1674 3028 suis
1702 2973 1797 3030 minor
1821 2976 1896 3042 erat,

1041 3054 1155 3124 quando
1171 3070 1276 3127 parrae
1292 3056 1463 3128 majoribus,
1478 3059 1554 3117 sieut
1568 3061 1711 3133 scriptum
1725 3068 1780 3133 est,
1796 3067 1897 3122 subdi·

1041 3148 1085 3199 tto
1099 3150 1159 3201 urat
1174 3144 1250 3216 (tur.
1263 3162 1293 3213 u,
1304 3146 1359 3217 et).
1376 3147 1449 3213 Quid
1466 3149 1566 3221 igitur,
1579 3150 1722 3221 heretico,
1734 3168 1800 3210 oum
1813 3154 1897 3212 Chri·

1041 3236 1106 3291 stus
1127 3235 1204 3292 Deus
1220 3236 1260 3294 sit
1273 3241 1303 3294 et
1316 3237 1412 3308 homo,
1429 3237 1561 3312 loquitur
1575 3246 1609 3298 ut
1624 3242 1721 3315 bomo,
1736 3247 1765 3300 et
1779 3244 1896 3303 calum-

1041 3322 1133 3380 niaris
1144 3324 1220 3381 beot
1232 3324 1283 3382 lllo
1292 3326 1322 3382 in
1334 3343 1366 3383 se
1377 3331 1511 3386 usturam
1523 3334 1705 3389 commendat
1720 3332 1894 3406 humanam

42 3748 45 3753 .
133 3698 202 3759 eor‘l
216 3695 356 3764 Quemvis
371 3693 449 3751 Deus
463 3690 550 3749 etiam
566 3690 616 3762 qui
632 3688 713 3747 nullo
728 3689 894 3746 continetur
912 3687 985 3757 loco,

133 3431 196 3484 erat
206 3442 214 3482 ε
226 3426 286 3483 ibat
301 3440 353 3497 por
367 3423 396 3480 id
412 3419 489 3494 quod
506 3435 563 3476 uuo
578 3417 640 3474 loeo
655 3421 728 3485 erat,
740 3416 877 3472 manebat
891 3431 943 3487 per
957 3415 987 3472 ld
1040 3417 1071 3471 tu
1084 3414 1113 3470 iu
1126 3413 1174 3470 illo
1185 3416 1450 3475 audesdelormare
1461 3419 1608 3478 divinam?
1622 3421 1895 3499 lulldelis,iugrate‚

134 3517 210 3591 qaod
225 3515 333 3589 ubique
344 3515 416 3571 erat.
427 3509 593 3582 Curitaque
605 3507 809 3564 turbareturet
819 3505 987 3563 formidaret
1040 3503 1142 3561 ldeone
1157 3508 1188 3561 tu
1203 3505 1313 3563 minuis
1327 3523 1394 3564 eum
1409 3509 1459 3581 qui
1475 3508 1542 3566 lecit
1552 3514 1589 3580 to,
1601 3512 1751 3585 qniadleit
1761 3514 1810 3572 ille
1821 3516 1897 3588 quid

133 3622 194 3679 cor,
212 3605 330 3680 quando
349 3605 391 3660 ils
405 3601 558 3659 deserebat
580 3598 689 3668 oeulos,
705 3605 736 3654 ut
760 3613 819 3655 nou
844 3597 988 3656 desereret
1040 3596 1135 3652 iaetus
1149 3596 1184 3652 sit
1201 3602 1318 3669 propter
1333 3599 1382 3655 te?
1395 3598 1523 3671 AEqualis
1537 3602 1613 3658 enlm
1633 3603 1722 3671 Patri,
1738 3604 1829 3663 Filius
1844 3624 1899 3680 por

1042 3700 1128 3758 quem
1140 3686 1236 3743 lactus
1245 3690 1290 3743 est
1301 3687 1399 3758 bomo,
1407 3693 1438 3746 ut
1450 3689 1545 3747 minor
1554 3696 1633 3749 esset
1643 3695 1737 3765 Patre,
1745 3694 1839 3754 laetus
1850 3702 1898 3755 est

135 3783 312 3843 diseedutab
323 3798 424 3839 eorum
440 3778 586 3847 cordibus,
598 3778 722 3852 quteam
738 3777 910 3850 relinquunt
925 3793 987 3834 mo·
1041 3776 1129 3833 homo
1144 3793 1151 3832 ε
1168 3777 1245 3848 quod
1262 3777 1319 3834 nisi
1334 3777 1424 3848 lieret,
1441 3781 1513 3851 quid
1525 3786 1603 3839 osset
1617 3782 1728 3840 homol

136 3876 226 3943 ribus,
238 3890 295 3929 non
312 3871 451 3944 pedibus;
462 3868 598 3925 etveaial
612 3869 647 3925 ad
659 3885 708 3925 eos
719 3868 769 3941 qui
780 3871 989 3926 conuertuntur
1038 3897 1045 3911 ·
1078 3868 1104 3921 3.
1120 3867 1204 3923 Dleet
1218 3867 1305 3939 pleno
1323 3867 1464 3927 Dominus
1479 3875 1508 3927 et
1522 3871 1662 3943 Magister
1681 3880 1789 3945 noster,
1804 3876 1839 3933 δι’
1852 3879 1901 3935 ‹tt-

137 3964 173 4019 ad
198 3978 265 4018 eum
290 3976 348 4017 uon
373 3959 456 4027 isole,
482 3959 531 4014 sed
556 3956 624 4029 uda,
640 3962 669 4015 et
693 3957 836 4015 accedunt
858 3959 893 4014 ad
921 3972 988 4014 eum
1041 3956 1166 4029 lt'qerrtis
1187 3974 1243 4028 rae,
1257 3959 1414 4030 ponderetis
1436 3962 1540 4034 aliquo,
1557 3964 1622 4035 qais
1637 3965 1705 4023 sodo
1718 3965 1754 4021 od
1772 3968 1899 4041 Patrem,

138 4056 311 4121 mortemon
322 4049 566 4107 carna.Utsutem
578 4047 775 4120 intelligerent
784 4049 947 4106 secuudum
959 4048 988 4105 id
1043 4045 1108 4119 pair
1132 4049 1213 4104 Prter-
1236 4050 1325 4122 major
1342 4065 1386 4107 rae
1404 4054 1452 4109 eet.
1474 4053 1546 4109 Gom
1567 4054 1721 4127 discipulis
1741 4057 1899 4116 audiamus

138 4142 216 4217 quod
241 4140 329 4197 homo
351 4142 413 4196 erat
430 4153 497 4195 oum
516 4136 632 4206 dixisse,
652 4137 725 4194 lodo
739 4144 763 4194 et
778 4137 859 4194 uenio
873 4137 911 4194 nd
926 4153 990 4205 nor:
1044 4137 1131 4193 rerba
1145 4137 1281 4204 doctoris,
1297 4155 1356 4197 non
1372 4157 1439 4198 cum
1455 4142 1560 4200 olienis
1583 4160 1745 4218 sequamur
1759 4149 1899 4207 astutiam

138 4230 256 4305 adjecit,
272 4233 360 4302 atque
372 4229 422 4297 ait,
439 4228 469 4283 si
483 4227 634 4296 diliperetr'a
648 4243 701 4295 me,
716 4226 871 4296 ponderetis
884 4229 989 4301 atique,
1044 4227 1216 4300 deceptoris.
1232 4230 1432 4301 Agnoscamus
1445 4232 1590 4305 geminam
1606 4236 1803 4295 substantiam
1819 4240 1902 4298 Chri·

138 4321 206 4397 qaia
229 4337 279 4391 opo
304 4318 371 4376 uado
392 4318 427 4375 orl
452 4322 579 4378 Patrem:
600 4319 665 4389 quio
689 4318 771 4372 Pater
784 4318 926 4387 majoriae
939 4321 989 4375 eal.
1045 4318 1239 4386 sti3divinam
1255 4320 1435 4394 sciliectqua
1450 4324 1570 4396 aequalia
1582 4330 1627 4383 est
1638 4328 1723 4398 Patri,
1735 4327 1899 4389 humanam

138 4414 192 4473 Per
207 4413 284 4486 quod
300 4427 368 4485 orgo
384 4408 475 4467 Filius
490 4424 549 4466 non
565 4413 609 4466 est
623 4408 744 4482 aqualis
759 4409 846 4479 Patri,
863 4426 914 4482 per
936 4410 991 4467 hoo
1046 4425 1103 4481 qua
1114 4409 1263 4480 mejorosl
1273 4409 1367 4468 Pater.
1378 4411 1541 4485 Utrumque
1552 4420 1649 4473 autem
1660 4417 1748 4475 simul
1760 4436 1819 4477 non
1832 4421 1899 4491 duo,

138 4505 232 4562 iturus
246 4506 307 4560 erat
323 4503 358 4557 ad
376 4505 501 4568 Patrem,
513 4517 529 4557 e
540 4516 597 4573 quo
610 4503 750 4557 uenturus
764 4504 806 4557 ert
821 4499 899 4557 rivos
911 4500 992 4573 ludi·
1046 4501 1097 4557 sed
1122 4514 1199 4556 unus
1223 4502 1265 4557 est
1287 4500 1435 4570 Christus3
1461 4517 1497 4559 ne
1512 4504 1550 4560 sil
1564 4506 1744 4577 quaternitas
1760 4525 1818 4566 non
1835 4510 1902 4567 'l'ri-

139 4598 256 4653 calurus
272 4596 300 4649 et
316 4594 448 4649 mortuos
465 4606 471 4648 :
487 4604 538 4663 per
552 4588 623 4646 lllud
640 4595 737 4647 aulem
754 4590 784 4646 in
800 4590 992 4663 quoequalis
1047 4589 1123 4647 nitas
1144 4589 1230 4647 Deus.
1247 4589 1327 4647 Sicut
1341 4591 1419 4649 enim
1435 4609 1511 4650 unus
1525 4599 1570 4651 est
1584 4596 1670 4653 homo
1690 4598 1790 4656 aalma
1810 4602 1901 4658 ralio-

138 4688 185 4741 εει
204 4681 336 4756 gignenti
354 4680 542 4753 Unigenitum
558 4695 708 4752 nunquam
734 4682 842 4739 recedit
857 4699 874 4738 a
890 4681 992 4755 Patra3
1047 4678 1121 4737 nelis
1136 4686 1162 4735 et
1177 4696 1255 4751 caro,
1271 4682 1313 4738 sic
1329 4698 1405 4739 unus
1419 4687 1463 4741 est
1478 4683 1613 4743 Christus
1639 4687 1714 4745 Deus
1735 4693 1764 4747 et
1787 4688 1876 4749 homo
1893 4709 1900 4749 ε

140 4773 190 4830 ped
206 4788 273 4828 pum
289 4771 339 4828 illo
353 4774 398 4826 est
413 4769 521 4842 ubique
543 4773 623 4826 totus
647 4769 709 4842 peri
730 4770 889 4840 divinitate,
905 4788 992 4846 quam
1048 4785 1082 4828 ac
1106 4786 1158 4842 per
1180 4769 1234 4827 boc
1248 4770 1393 4842 Christus,
1409 4777 1454 4830 est
1479 4776 1554 4833 Deua
1577 4776 1676 4833 anima
1701 4779 1854 4837 rationalis
1874 4788 1903 4839 et

140 4860 241 4921 nullus
265 4858 392 4915 continet
417 4857 508 4914 loeus.
526 4858 594 4913 cam
608 4860 685 4915 enim
702 4860 730 4916 ia
744 4862 833 4931 torma
850 4862 993 4931 Deterret,
1047 4875 1123 4918 caro.
1136 4859 1285 4917 Christum
1302 4861 1331 4917 in
1347 4861 1394 4919 lais
1409 4865 1555 4929 omnibus.
1567 4866 1713 4924 christum
1729 4868 1760 4926 ln
1775 4871 1902 4943 singulis

140 4952 217 5010 sicut
230 4946 387 5021 Apostolus
404 4946 542 5018 loquitur,
558 4962 612 5003 non
637 4950 763 5021 rapinam
788 4952 942 5008 arbitratus
956 4960 995 5010 ert
1048 4951 1230 5009 confitemur.
1247 4953 1318 5018 Quia
1332 4957 1457 5027 astorgo
1479 4972 1628 5030 perquem
1646 4959 1740 5016 lactas
1754 4964 1797 5017 est
1813 4978 1902 5019 mun·

139 5058 195 5101 esse
206 5036 324 5114 :equalis
340 5038 402 5094 Deo.
420 5037 571 5103 Quomodo
584 5038 662 5094 onim
689 5038 792 5111 rapine
815 5045 910 5111 posset
929 5058 994 5101 esse
1048 5040 1125 5099 duat
1139 5042 1273 5098 Christus
1287 5042 1382 5111 lesus,
1398 5046 1448 5102 sed
1465 5046 1494 5102 in
1510 5046 1605 5104 lorms
1623 5047 1685 5107 Dei.
1702 5051 1772 5116 Quis
1785 5055 1831 5109 sel
1845 5053 1902 5109 sub

139 5135 245 5189 natura
255 5144 319 5201 quse
336 5143 392 5183 non
409 5130 470 5183 erat
485 5130 636 5198 usurpata,
648 5128 699 5184 sed
714 5130 799 5184 natal
813 5129 994 5205 Seretipsam
1047 5133 1151 5190 Pontio
1163 5132 1253 5190 Pilato
1263 5135 1688 5212 crucifixus?christus-lesus,
1700 5141 1752 5198 sed
1765 5142 1795 5198 in
1808 5144 1903 5203 torma

140 5225 230 5279 aulem
244 5216 412 5281 exinaniuit,
427 5220 544 5289 loturam
564 5218 638 5273 soriti
658 5217 797 5290 occipiens
811 5220 944 5294 (Plilr'pp.
960 5239 993 5292 u,
1048 5221 1134 5280 servi.
1146 5224 1217 5280 llum
1228 5224 1264 5281 de
1274 5224 1400 5296 singulis
1410 5226 1518 5300 quibus
1528 5226 1616 5286 homo
1627 5233 1832 5298 constat.Quis
1844 5251 1903 5292 non

139 5312 169 5381 6,
181 5312 211 5380 7)
228 5325 235 5363 :
253 5325 309 5365 uon
326 5322 394 5380 ergo
410 5306 546 5363 emittens
558 5305 651 5374 illam,
667 5308 718 5364 scd
734 5308 879 5382 accipiens
893 5310 992 5369 islam.
1048 5318 1092 5371 sat
1116 5314 1272 5373 derelictus
1300 5316 1329 5374 in
1359 5317 1499 5376 inleruol
1519 5320 1651 5379 Christus
1674 5320 1771 5394 Jesur,
1797 5326 1849 5383 scd
1873 5328 1903 5384 in

140 5398 182 5456 Eo
200 5399 287 5454 modo
311 5412 343 5454 se
367 5395 547 5464 exinaniens,
563 5412 621 5468 quo
646 5396 694 5454 hie
719 5398 812 5457 minor
835 5402 994 5474 apparebat
1049 5403 1147 5461 aalma
1162 5405 1233 5462 sola.
1251 5407 1322 5473 Quis
1344 5413 1561 5468 resurrecturus
1585 5412 1680 5469 triduo
1699 5413 1798 5486 jacuit
1812 5416 1844 5473 in
1859 5434 1907 5475 se·

142 5503 229 5560 quam
246 5488 321 5559 apud
339 5485 452 5544 Patrem
468 5487 615 5544 manebat.
627 5491 731 5546 Forma
741 5489 845 5563 quippe
859 5491 934 5549 serri
947 5509 996 5551 so·
1048 5494 1173 5567 pulcro?
1193 5496 1324 5554 Christus
1347 5496 1445 5568 lesus,
1461 5501 1512 5558 sed
1536 5501 1567 5557 iu
1590 5517 1678 5560 carne
1701 5502 1774 5562 sola.
1790 5504 1906 5565 Dicitur

143 5576 243 5647 cessit,
255 5591 312 5632 non
324 5575 477 5634 lormaDei
488 5577 607 5636 recessit
618 5595 625 5636 :
637 5579 752 5640 lutseest
762 5586 922 5658 assumpte,
935 5601 993 5643 non
1048 5603 1117 5660 orgo
1132 5590 1161 5645 et
1176 5587 1206 5644 ln
1226 5587 1274 5647 his
1293 5589 1416 5663 singulis
1435 5592 1581 5650 Christus.
1597 5598 1707 5652 verum
1728 5596 1788 5654 trac
1802 5600 1905 5657 omnia

141 5668 193 5729 tlls
216 5670 398 5740 cousumpta.
414 5671 535 5741 Propter
558 5668 633 5729 hano
656 5671 738 5743 dicit,
754 5672 836 5733 Potor
849 5674 940 5751 rarior
952 5693 995 5737 mo
1049 5693 1107 5738 nou
1123 5678 1191 5751 duo,
1206 5679 1251 5739 rel
1266 5683 1336 5756 tres,
1351 5680 1403 5743 sed
1427 5698 1505 5745 unns
1527 5686 1573 5743 est
1590 5682 1735 5745 Christus.
1752 5687 1820 5747 ldeo
1834 5703 1904 5762 erqo
