3952 6150
126 161 198 220 3393

123 284 276 342 cruciatus
294 301 462 360 pronasque
478 288 654 357 subeamus,
670 290 697 347 si
711 292 838 347 mortem
853 290 952 363 ipsam

126 357 231 413 virtute
247 358 368 429 spiritus
383 365 624 418 contemnamus.
640 360 697 417 illis
722 362 863 418 nimirum
885 363 953 436 qui-

122 427 181 484 bus
202 443 292 484 omne
307 431 388 500 quod
409 432 528 500 geritur,
547 449 654 488 sensus
670 434 724 489 iste
748 433 882 489 mortalis
898 449 952 490 nec

122 498 212 556 laude
226 515 281 556 neo
295 503 511 572 vituperatione
524 502 883 575 dignumessepersuasit.
898 508 952 561 No-

122 570 188 627 lnnt
201 572 282 628 enim
292 571 331 627 ad
346 572 441 629 Deum
452 574 560 631 horum
575 574 689 647 aliquid
702 575 859 646 pertinere.
875 578 951 633 Non-

123 641 196 698 nulli
218 643 296 699 adeo
315 644 426 700 scelera
447 661 503 702 sua
522 647 708 720 criminaque
730 646 887 703 defendere
902 663 952 703 cu-

124 714 252 786 pientes,
269 714 354 779 Nihil,
381 715 530 787 inquiunt,
550 717 680 789 prodest,
708 717 785 772 bene
805 734 844 774 an
875 719 952 775 male

123 785 219 842 vivas.
236 788 335 857 Neque
345 788 425 843 enirn
441 787 496 843 ista
511 804 592 845 nunc
605 789 663 845 Deo
674 805 746 845 cura
758 795 811 855 est,
829 794 859 844 ut
875 791 952 845 tedi-

124 871 211 913 versa
235 871 289 928 pro
316 858 451 914 instituto
470 860 591 931 proprio
607 861 774 931 morboque
800 866 951 930 gerentem

124 927 247 984 sollicite
267 927 384 984 festinet
397 928 540 1000 aspicere,
555 938 583 986 et
606 930 692 987 loedis
713 931 877 1004 aliquando
893 933 952 989 iuis

123 999 241 1056 actibus
255 999 358 1055 oeulos
373 1003 559 1071 permiscere.
577 1004 658 1058 Vana
672 1008 741 1059 sunt
756 1005 868 1074 omnia,
883 1019 951 1075 quae

124 1076 156 1127 ut
172 1069 288 1126 libitum
301 1070 387 1126 luerit
405 1071 593 1129 celebrantur
608 1091 614 1132 :
632 1074 719 1145 isqui
731 1074 768 1130 ad
782 1075 875 1130 Deum
887 1089 952 1146 per·

124 1142 207 1207 tinet,
224 1147 408 1198 secretusest
422 1149 451 1198 et
464 1151 597 1201 remotus
613 1143 652 1200 ab
664 1145 727 1200 istis
743 1146 832 1202 rebus
847 1146 952 1203 huma·

124 1212 183 1281 nis,
199 1218 228 1269 et
244 1213 312 1268 ideo
328 1229 382 1269 nee
400 1214 544 1280 irascitur,
561 1230 616 1271 nec
639 1222 773 1272 movetur
790 1234 796 1280 ;
811 1216 893 1273 nulla
911 1216 952 1273 illi

123 1283 330 1341 humanarum
344 1300 454 1350 rerum,
471 1286 552 1342 nulla
565 1289 656 1342 nostri
668 1295 752 1344 aetus
762 1293 806 1343 est
821 1294 952 1344 contem·

125 1355 218 1425 piatio
232 1370 239 1419 ;
253 1360 330 1411 totus
343 1357 429 1412 rotati
440 1356 538 1412 sreculi
551 1374 665 1421 cursus,
677 1364 705 1414 et
716 1358 858 1441 quasdam
867 1375 952 1415 mun·

125 1426 199 1482 dani
219 1426 301 1482 orbis
315 1427 534 1498 inexplicabilis
559 1431 712 1496 volutatio,
728 1437 766 1486 rte
781 1435 951 1502 correptum

126 1496 203 1570 rapit
214 1503 242 1553 et
257 1498 383 1578 projicit,
399 1506 431 1555 ut
446 1502 551 1555 stultus
565 1501 703 1557 credatur
710 1503 853 1626 ¹Quisquis
866 1518 897 1557 se
911 1504 950 1558 ad

125 1583 228 1624 curam
246 1571 294 1624 iter
307 1585 448 1626 revocare
461 1587 553 1643 posse
568 1578 693 1643 putaret.
735 1588 769 1628 ec
784 1580 952 1645 martyrum

126 1639 250 1713 quidem
266 1640 437 1712 probandus
452 1647 498 1698 est
522 1644 650 1709 animus,
663 1644 716 1716 qui
742 1645 833 1701 Deum
849 1661 950 1709 sunm,

126 1726 218 1784 quem
244 1712 466 1769 misericordem
489 1729 555 1769 esse
581 1716 785 1786 pronuntiant,
806 1716 951 1773 etiusione

128 1783 174 1837 sui
190 1784 347 1852 sanguinis
358 1783 668 1842 aestimantdelectari.
681 1787 755 1842 Nihil
769 1786 808 1843 ub
826 1788 951 1844 charum

127 1852 157 1909 in
174 1853 272 1919 nobis,
289 1855 361 1909 nibil
375 1863 418 1910 est
432 1855 574 1913 odiosum
590 1873 597 1923 ;
621 1856 704 1914 nulla
720 1859 822 1913 mortis
844 1864 952 1915 nostrae

126 1923 308 1990 conditione,
324 1926 406 1981 nulla
417 1928 553 1984 sanitatis
569 1929 738 1998 integritate
751 1928 864 1985 letatur
879 1951 884 1995 ;
898 1944 952 1985 nee

126 1996 200 2066 quid
218 1995 267 2051 ubi
284 2001 402 2066 geratur
421 1999 496 2053 scire
517 1998 691 2056 desiderat:
708 2014 768 2056 non
786 2002 868 2073 quod
895 2002 952 2056 im·

128 2065 271 2138 possibile
297 2068 335 2123 eit
353 2068 501 2139 majestati
516 2070 624 2127 divinae
650 2073 783 2127 omniurn
809 2071 868 2129 lere
883 2088 952 2144 quoe

127 2145 213 2208 gesta
226 2143 297 2193 sunt
311 2139 356 2194 vel
365 2145 508 2211 geruntur
522 2141 631 2197 habere
644 2143 789 2211 notitiam,
804 2143 856 2198 sed
869 2143 950 2216 quod

128 2224 205 2264 scire
221 2209 292 2265 nolit
308 2211 442 2266 miserias
456 2212 614 2269 bominum
636 2215 842 2287 vanitatesque
865 2230 952 2270 ruun-

126 2279 234 2337 danas.
251 2280 298 2337 Sic
310 2281 440 2353 denique
456 2284 600 2354 scriptum
620 2289 683 2340 est:
704 2284 816 2341 Veritus
827 2288 950 2341 nacitur·

127 2354 197 2407 tium
219 2354 241 2417 ¹,
254 2353 382 2408 artemo
396 2355 503 2410 vanitas
517 2354 617 2427 (Erote.
635 2372 653 2417 r,
681 2356 720 2422 t).
739 2357 871 2422 Quorum
888 2373 954 2414 sen·

126 2422 219 2480 tentia
230 2423 441 2496 desperatione
451 2425 580 2492 firmata,
595 2432 623 2482 ui
634 2425 724 2483 divini
737 2442 842 2483 sensus
853 2436 952 2484 aucto·

128 2494 214 2550 ritate
228 2494 410 2559 dissolvitur,
427 2497 468 2551 sic
483 2498 615 2568 ipsorum
632 2514 717 2555 sacro
734 2514 872 2554 sermone
886 2501 954 2554 vui·

126 2565 201 2636 gari,
217 2566 269 2638 qui
284 2568 432 2622 maximus
446 2568 614 2625 habetnrin
628 2585 695 2638 usu,
707 2570 892 2626 convincitur
902 2587 950 2626 ex-

128 2643 274 2709 pugnata.
291 2636 363 2694 Nam
389 2654 458 2695 cum
474 2640 549 2696 inter
563 2639 681 2712 negotia
702 2641 952 2715 diversorumque

128 2712 299 2764 contractus
316 2709 391 2765 fides
407 2710 592 2785 perfidiaque
607 2713 802 2778 contendunt,
819 2717 849 2768 ut
871 2713 952 2769 testis

127 2779 270 2836 divinitas
288 2779 454 2843 adhibetur,
470 2797 538 2855 quie
558 2782 721 2854 aliquando
736 2783 809 2854 quid
824 2799 951 2854 agamus

128 2849 204 2906 scire
217 2855 356 2921 negatur.
372 2852 466 2909 Testis
482 2858 534 2919 esi,
545 2853 694 2926 inquiunt,
709 2854 788 2910 Deus
800 2871 806 2910 :
819 2855 897 2912 Deus
912 2856 952 2911 vi·

127 2921 208 2987 deat,
225 2922 302 2978 Deus
315 2923 440 2994 judicet,
468 2924 547 2981 [leus
574 2924 671 2988 iaciat,
696 2925 774 2980 Dens
788 2927 903 2983 reddat.
920 2926 953 2982 itt

127 2993 245 3050 cunrad
256 2995 462 3052 necessitatem
471 2995 667 3067 jurisjurandi
677 2996 802 3062 venitur,
815 3001 843 3052 et
850 2998 952 3068 juran-

126 3064 165 3119 tis
181 3065 300 3122 animus
326 3067 430 3123 metuit
446 3082 483 3122 ne
505 3067 561 3123 sibi
577 3066 690 3139 aliquid
713 3067 857 3124 obveniet
871 3068 952 3141 peje-

127 3137 206 3192 ranti
216 3158 222 3202 ;
232 3142 259 3192 et
271 3137 484 3209 jusJurnndum
495 3139 594 3208 exigit,
608 3145 637 3196 et
649 3138 733 3195 reddi
746 3139 773 3194 ei
784 3155 873 3210 posse
884 3155 953 3196 con·

127 3206 203 3273 fidit,
218 3208 271 3280 qui
289 3208 345 3264 sibi
370 3209 449 3266 male
464 3209 581 3277 iuravit.
598 3212 631 3266 Et
644 3226 713 3267 cum
732 3212 846 3267 sanitas
861 3226 951 3282 exop-

127 3282 191 3334 tata
203 3283 233 3334 et
254 3280 335 3336 bona
357 3279 495 3337 valetudo
517 3281 605 3338 luerit
619 3288 790 3347 consecuta,
806 3282 953 3339 divinitati

127 3349 231 3422 gratie
245 3350 421 3408 referuntur.
439 3355 471 3409 iit
484 3368 554 3409 eum
569 3352 671 3427 aliqua
685 3353 838 3410 decidente
857 3358 953 3411 mate·

127 3421 173 3476 ria
194 3437 282 3477 casus
303 3424 458 3494 proximus
484 3424 594 3480 illaesus
608 3426 746 3489 evaserit,
763 3425 840 3480 [teus
854 3424 953 3481 bonus

128 3492 236 3549 dicitur
250 3495 431 3564 praestitisse.
447 3498 478 3551 iit
492 3511 561 3552 eum
571 3495 696 3552 adverso
709 3504 864 3553 ventorum
879 3496 953 3552 flatu

126 3564 269 3619 commoti
284 3565 411 3636 aequoris
426 3566 532 3623 fluctus
547 3567 714 3637 insurgunt,
726 3574 755 3623 et
767 3569 850 3625 navis
866 3567 953 3623 undi-

124 3649 186 3708 que
198 3642 451 3708 caesaquassatur.
463 3638 669 3709 navigantium
685 3638 779 3695 turbae
791 3637 829 3694 ad
842 3639 953 3695 coelum

127 3722 238 3762 manus
254 3708 427 3774 extendunt,
441 3711 531 3764 Derim
556 3724 628 3765 voce
643 3710 769 3783 supplici
792 3710 953 3780 deprecan-

126 3782 184 3841 tur,
197 3782 225 3834 et
235 3779 370 3835 exaudiri
381 3796 413 3835 se
423 3784 453 3835 et
462 3780 580 3837 liberari
592 3796 683 3852 posse
692 3779 857 3837 confidunt.
871 3781 953 3837 Unde

125 3849 191 3904 heac
210 3848 235 3904 si
255 3852 311 3905 ileo
331 3851 413 3906 nulla
428 3852 520 3907 nostri
537 3857 581 3906 est
594 3867 676 3917 curn,
693 3853 717 3907 si
736 3852 810 3923 quid
825 3867 953 3921 agamus

124 3920 271 3987 ignorat?
294 3922 393 3978 inanis
416 3928 461 3978 est
475 3923 565 3991 igitur
579 3923 637 3979 ista
659 3924 828 4004 persuasio.
845 3924 953 3980 Omnia

125 3989 188 4047 Deo
200 3993 403 4063 suntcognita.
419 3993 521 4050 liutius
533 3994 590 4049 sibi
604 3993 642 4050 de
658 3995 836 4066 impunitate
844 3994 952 4050 comis-

125 4078 229 4118 sorum
249 4062 395 4120 scelerum
415 4065 595 4122 blandiatur.
614 4067 703 4122 Bonas
718 4065 785 4122 vitm
801 4065 951 4122 maximus

123 4133 240 4189 fructus
250 4139 304 4200 est,
322 4135 408 4191 malm
424 4141 568 4209 perpetuo
580 4152 669 4207 prena
679 4143 707 4193 et
724 4140 825 4192 aeterni
837 4137 952 4193 crucia-

123 4209 183 4261 tus.
196 4205 288 4274 igitur
299 4205 388 4262 nobis
402 4207 453 4279 qui
463 4208 557 4263 Derim
567 4207 672 4263 omnia
684 4223 773 4264 nosse
788 4208 950 4273 credimus,

122 4277 177 4359 qui
191 4277 299 4333 devote
314 4278 353 4333 ad
366 4279 541 4351 martyrium
558 4278 746 4344 festinamus,
760 4278 952 4336 inestimabi-

123 4348 159 4403 lis
172 4347 294 4415 tructus,
306 4355 451 4420 perpetua
461 4351 521 4406 vita
535 4349 727 4421 praestabitur
741 4366 747 4404 :
760 4350 861 4421 impiis
871 4365 950 4417 vero,

122 4418 176 4490 qui
193 4421 285 4475 Deum
302 4422 428 4478 seelerat
449 4437 515 4486 sua,
529 4421 750 4493 criminumque
771 4423 883 4478 nescire
898 4421 949 4477 do·

123 4496 250 4547 cuerunt
265 4506 387 4556 arcana,
404 4493 482 4561 ignis
501 4492 627 4549 flamma
641 4507 834 4555 consumens,
852 4493 952 4549 incen-

121 4560 206 4616 dium
233 4577 269 4618 ue
284 4579 403 4634 semper
416 4563 590 4620 indeficiens
606 4563 828 4620 ministrabitur.

162 4635 182 4686 ii
196 4577 246 4706 (hl.
262 4663 297 4674 —
311 4640 355 4690 An
369 4634 495 4705 Spiritus
509 4635 561 4709 qui
576 4651 666 4706 super
680 4651 698 4691 u
722 4651 776 4692 uas
789 4635 950 4703 terebatur,

123 4703 248 4786 Spiritus
263 4710 383 4761 sanctus
397 4705 597 4776 intelligatur;
613 4707 686 4779 quia
696 4651 810 4763 giorum
825 4711 878 4777 est,
891 4705 952 4778 Spi-

121 4781 196 4830 rrtsr
208 4775 322 4831 Domim
336 4775 476 4847 tuentur
487 4793 571 4849 cuper
584 4794 667 4849 equos
680 4777 757 4850 (Gen.
775 4796 793 4843 ι,
803 4778 832 4848 2)
846 4778 862 4831 ‘l

159 4846 186 4902 si
199 4845 297 4903 ideoa
314 4847 498 4920 quibusdam
524 4848 650 4920 Spiritus
669 4854 792 4905 sanctus
816 4853 938 4920 putatur

121 4916 195 4986 quia
208 4918 259 4973 [lei
272 4932 338 4974 esse
351 4919 472 4991 spiritus
485 4919 601 4991 legitur,
618 4925 673 4975 etc.

157 4988 193 5043 Ili
205 4988 253 5061 tt).
268 4990 341 5046 -Si
353 4991 447 5046 Adam
462 4991 585 5047 tactusa
600 4991 658 5047 ileo
668 4994 697 5046 et
711 4989 873 5056 animatus,
886 4989 949 5060 Spi-

119 5058 211 5115 ritum
226 5065 364 5117 sanctum
380 5063 490 5133 aceepit
512 5062 607 5134 ;quia
623 5061 834 5132 scriptumest,
857 5061 949 5131 Inspi-

120 5131 194 5186 rcer't
217 5131 288 5188 Deus
304 5133 443 5204 infaciem
459 5134 516 5205 ηἰιι
531 5133 663 5205 spiritum
678 5134 745 5190 vita
761 5133 838 5205 (Gen.
853 5145 884 5197 ιι,
902 5131 944 5203 i).

156 5204 221 5258 Non
236 5207 299 5260 erat
311 5204 425 5260 ordinis
442 5212 472 5261 ut
484 5206 630 5276 acciperet
640 5205 781 5276 Spiritum
791 5210 926 5260 sanctum
940 5219 947 5269 ;

119 5273 262 5343 quiahoc
277 5275 307 5331 in
329 5281 483 5359 posterum
503 5280 687 5333 reservatum
703 5280 746 5333 est
761 5275 861 5340 aDeo,
878 5274 948 5331 utin

120 5344 296 5401 novissimis
309 5345 416 5402 diebus
430 5363 499 5403 cum
520 5347 695 5420 mysterium
717 5346 804 5403 unius
818 5346 867 5403 ilci
884 5361 949 5403 me·

151 5459 249 5517 ¹Editi,
266 5462 432 5523 vanitatum
448 5465 475 5514 et
486 5461 567 5527 paulo
584 5466 654 5527 post,
671 5460 717 5511 Dei
728 5463 814 5523 iussus
836 5459 951 5510 anctori-

121 5526 181 5572 tate.
198 5524 232 5572 tit
246 5522 319 5581 llas,
332 5538 383 5574 con
398 5526 510 5575 tentiam
518 5538 528 5585 ‚·
539 5529 574 5581 et,
590 5524 770 5573 dirissimam
784 5524 947 5573 ouctmitote·

150 5586 185 5647 (a)
201 5585 712 5700 Habemueprainterfrimovutgeus,
720 5586 946 5651 juxtaquoest.ll·

150 5647 185 5708 itt
197 5647 272 5699 idem
283 5654 473 5713 argumentum
498 5652 615 5700 rectatur
624 5650 652 5698 in
663 5648 725 5699 lisa.
736 5648 817 5713 primi
831 5648 946 5713 generis.

117 5713 215 5774 quast.
233 5712 289 5770 123,
305 5712 353 5764 sed
369 5712 424 5765 clla
436 5726 547 5779 prorsus
562 5712 675 5763 ratione.

879 164 1077 224 Arrannix.

1760 165 1839 227 aaut

1008 290 1179 350 nitesiatum
1204 294 1258 359 est,
1288 290 1623 350 dareturcredentibus.
1649 292 1832 422 Aprinoipio

1006 363 1130 435 quidem
1145 363 1307 435 praedicata
1316 368 1360 419 est
1373 363 1509 429 trinitas,
1519 363 1572 419 sed
1584 364 1672 435 quasi
1687 364 1744 421 sub
1754 381 1790 422 ve
1803 381 1833 424 a·

1007 435 1088 490 mine
1103 441 1165 491 erat
1184 434 1377 504 intelligentia
1396 435 1473 506 ejus.
1494 434 1544 490 Dei
1566 434 1646 490 enim
1663 435 1754 491 Patris
1774 437 1833 508 pri·

1007 521 1090 561 mum
1106 521 1236 577 persona
1245 506 1309 561 sine
1322 507 1508 561 cunctatione
1518 510 1547 562 et
1558 505 1656 576 figura
1670 507 1833 576 praedicata

1007 583 1035 631 et
1049 576 1237 632 manifestata
1257 583 1311 642 est,
1325 578 1396 650 quia
1411 576 1451 633 nb
1466 578 1530 648 ipso
1554 582 1622 633 sunt
1642 577 1753 633 omnin.
1770 578 1831 635 Filii

1007 653 1107 703 autem
1128 648 1200 720 ejus,
1218 648 1336 704 Domini
1356 648 1448 704 nostri
1459 649 1530 703 lesu
1545 647 1648 703 Christi
1663 655 1691 704 et
1705 648 1831 720 Spiritus

1007 719 1102 774 sancti
1119 735 1252 791 personas
1265 735 1326 775 non
1347 719 1533 784 tacebantur,
1548 719 1600 774 sed
1622 734 1719 806 neque
1734 720 1833 776 mani·

1005 789 1201 847 testabantur.
1216 790 1349 862 Denique
1358 791 1395 845 de
1410 789 1834 863 Dominotttaperbdisquoes·

1007 860 1057 931 tio,
1074 861 1154 917 etde
1169 863 1278 933 Spiritu
1295 870 1409 918 sancto.
1430 862 1557 927 Quidam
1581 863 1662 917 enim
1678 861 1832 919 dementes

1006 932 1149 1003 Spiritum
1162 939 1297 988 sanctum
1318 934 1420 1004 ipsum
1451 936 1564 989 Patrem
1587 932 1700 998 dieunt,
1716 933 1832 990 sicutet

1007 1002 1151 1059 sabellius
1167 1004 1268 1075 ipsum
1292 1003 1363 1060 dicit
1378 1004 1492 1060 Patrem
1509 1019 1601 1076 quem
1617 1010 1645 1060 et
1661 1003 1777 1060 Filium.
1791 1006 1831 1061 lle

1007 1074 1058 1129 lici
1068 1079 1168 1131 autem
1181 1076 1270 1131 Patris
1285 1090 1413 1146 persona
1428 1090 1516 1131 nemo
1530 1073 1657 1130 dubitat.
1673 1075 1747 1131 Cum
1760 1090 1831 1146 ergo

1005 1145 1152 1201 Trinitatis
1176 1145 1210 1202 fit
1234 1145 1442 1210 manifestatio,
1460 1152 1531 1201 tunc
1554 1145 1679 1202 demum
1706 1145 1832 1217 Spiritus

1007 1222 1129 1272 sanetus
1147 1217 1235 1272 datur
1250 1218 1441 1273 credentibus
1455 1224 1486 1273 ut
1500 1225 1528 1272 et
1542 1231 1671 1289 persona
1685 1216 1750 1288 ejus
1765 1233 1832 1273 ma·

1006 1287 1112 1343 nitesta
1125 1289 1172 1353 sit,
1190 1292 1218 1343 et
1234 1287 1413 1359 accipientes
1434 1288 1529 1356 illum,
1546 1289 1665 1358 signum
1689 1288 1830 1354 habeant,

1005 1360 1078 1429 quia
1087 1357 1138 1413 tilii
1151 1365 1221 1413 sunt
1234 1359 1293 1424 liei,
1303 1374 1356 1431 per
1367 1359 1397 1415 id
1407 1360 1489 1442 qnod
1501 1360 1641 1430 Spiritum
1656 1359 1719 1425 ltel,
1729 1360 1781 1432 qui
1794 1359 1833 1415 de

1006 1432 1066 1485 lieo
1092 1430 1192 1501 utique
1215 1434 1269 1496 est,
1286 1430 1397 1486 hebent
1416 1446 1447 1486 ιιι
1472 1445 1513 1486 se.
1537 1430 1727 1487 Periectionis
1750 1430 1831 1487 enim

1007 1501 1186 1570 significatio
1200 1500 1264 1557 heac
1279 1507 1333 1569 est,
1346 1516 1414 1556 curn
1431 1502 1521 1556 scitur
1533 1508 1560 1557 et
1573 1501 1658 1556 Pater
1670 1514 1734 1556 esse
1747 1506 1775 1557 et
1791 1502 1832 1557 ri·

1005 1573 1062 1627 lius
1085 1578 1114 1628 et
1136 1571 1262 1643 Spiritus
1275 1577 1406 1628 sanctus.
1423 1574 1490 1628 lirae
1503 1572 1644 1644 perfactio
1660 1572 1716 1628 hoc
1731 1571 1833 1629 tribuit

1006 1644 1131 1699 donum.
1148 1643 1316 1698 Adveniens
1332 1645 1411 1699 enim
1429 1643 1517 1700 iilius
1534 1642 1591 1699 Del.
1609 1648 1637 1698 et
1651 1642 1714 1699 heac
1725 1643 1834 1715 adape-

1006 1714 1085 1770 riens
1100 1730 1136 1770 ae
1152 1715 1357 1780 manifestans,
1379 1715 1446 1786 plus
1461 1714 1575 1786 aliquid
1590 1713 1694 1770 debuit
1713 1714 1795 1781 dare,
1807 1718 1837 1772 et

1006 1786 1132 1855 dignum
1148 1785 1201 1841 luit
1217 1785 1341 1841 tribuere
1367 1786 1578 1858 perlectionem
1593 1785 1671 1841 hanc
1687 1786 1834 1842 eredenti·

1007 1858 1064 1912 bus
1078 1872 1085 1922 ;
1101 1857 1173 1930 quia
1187 1872 1241 1912 neo
1256 1858 1285 1912 iu
1303 1857 1382 1923 vitio,
1403 1858 1500 1912 necin
1515 1856 1598 1913 Patre
1614 1856 1677 1912 solo
1691 1857 1833 1927 perfectio

1006 1935 1050 1984 est
1062 1929 1107 1984 vet
1124 1930 1215 1993 salus,
1229 1928 1279 1982 sed
1293 1930 1322 1983 in
1336 1928 1457 1983 nomine
1474 1929 1566 1983 Patris
1578 1932 1606 1982 et
1623 1926 1684 1983 Filii
1703 1933 1731 1983 et
1742 1927 1835 2009 Spiri-

1008 2004 1054 2054 tus
1069 2001 1172 2054 sancti.
1191 1998 1273 2055 Unde
1287 1999 1359 2055 dicit
1372 1999 1503 2055 loannes
1518 1998 1787 2069 evangelista,qu1e
1803 1999 1834 2055 de

1006 2069 1178 2141 plenitudine
1187 2071 1245 2141 ejcr
1254 2087 1302 2126 cos
1312 2072 1566 2141 omnesuecepimus,
1578 2071 1699 2142 gretiam
1706 2086 1834 2143 propru-

1008 2143 1049 2196 tie
1062 2159 1070 2196 .·
1085 2143 1150 2213 quio
1173 2141 1232 2197 bec
1255 2159 1303 2213 per
1316 2141 1423 2214 Moysen
1439 2143 1504 2197 duta
1525 2149 1573 2207 est,
1588 2142 1682 2214 qratia
1701 2147 1791 2197 autem
1806 2146 1835 2197 ct

1006 2215 1110 2268 neritus
1125 2214 1279 2285 perlectam
1295 2213 1433 2269 Christum
1440 2214 1522 2340 ζωια
1532 2213 1669 2283 csttleun.
1685 2231 1704 2279 r,
1720 2213 1764 2278 lb,
1776 2211 1833 2286 ii).

1007 2287 1146 2356 Apertum
1162 2290 1217 2350 est,
1240 2285 1417 2341 adveniente
1461 2284 1591 2341 alvatore
1617 2283 1835 2356 plenitudinem

1007 2354 1118 2411 iactam
1134 2356 1273 2411 veritatis.
1289 2356 1360 2422 Qum
1375 2355 1455 2411 enim
1472 2356 1613 2435 latebant,
1629 2359 1657 2412 et
1671 2354 1753 2426 quod
1764 2369 1836 2480 ¹pro·-

1008 2427 1135 2482 missum
1153 2432 1197 2482 est
1212 2427 1285 2482 dum
1299 2427 1456 2491 revelatur,
1472 2433 1501 2482 et
1516 2426 1731 2494 manifestatur,
1743 2441 1763 2497 p
1774 2441 1836 2482 eni·

1008 2497 1079 2553 tudo
1100 2498 1131 2552 tit
1147 2497 1300 2553 veritatis:
1327 2503 1396 2554 tunc
1415 2497 1568 2553 credentes
1588 2505 1712 2568 accepto
1725 2496 1836 2578 Spiritu

1006 2574 1109 2625 sancto
1125 2568 1202 2623 fiunt
1225 2569 1275 2624 filii
1299 2570 1355 2625 llei.
1380 2572 1449 2626 Num
1464 2568 1621 2640 inspiratio
1642 2585 1706 2639 quae
1727 2568 1836 2625 dicitur

1005 2638 1083 2695 iacta
1098 2655 1116 2694 a
1130 2640 1190 2695 Deo
1203 2641 1232 2695 in
1246 2639 1353 2711 Adam,
1367 2641 1476 2696 animm
1494 2639 1611 2696 traditio
1626 2646 1669 2695 est
1682 2655 1689 2695 :
1706 2637 1834 2710 Spiritus

1005 2711 1084 2767 enim
1099 2709 1267 2783 frequenter
1280 2727 1334 2782 pro
1350 2713 1453 2767 anima
1464 2713 1596 2783 ponitur,
1609 2710 1725 2767 dicente
1741 2712 1835 2767 Evan-

1005 2781 1082 2852 gelio
1098 2784 1172 2836 inter
1187 2785 1306 2848 cratera,
1323 2783 1360 2837 iit
1386 2798 1509 2838 reversus
1524 2787 1574 2850 cst,
1589 2782 1696 2854 inquit,
1718 2781 1835 2864 spiritns

1005 2853 1063 2924 ejus
1073 2851 1110 2907 ud
1125 2852 1201 2907 illum
1211 2853 1288 2926 (lue.
1306 2870 1366 2920 vui,
1383 2853 1437 2926 55).
1450 2854 1517 2910 Etin
1528 2852 1647 2908 Psalmo
1662 2869 1668 2908 :
1685 2852 1833 2924 Spiritum,

1006 2925 1058 2993 ait,
1070 2923 1291 2989 contribulatum,
1304 2932 1328 2980 et
1341 2940 1386 2981 cer
1396 2923 1623 2988 contribulatum,
1637 2930 1662 2979 et
1677 2939 1724 2979 eor
1735 2922 1835 2979 contri·

1006 2999 1063 3050 tum
1074 2994 1145 3050 Deus
1152 3011 1206 3049 non
1219 2996 1326 3064 spernit
1339 2996 1463 3062 (Psote,
1480 2996 1533 3066 til).
1547 2998 1725 3068 Frequenter
1733 2999 1835 3052 umen

1006 3065 1099 3136 aliqui
1112 3065 1231 3121 codices
1241 3081 1302 3121 non
1316 3066 1357 3121 siu
1370 3066 1491 3132 habent,
1502 3067 1575 3138 quie
1588 3066 1834 3138 inspirooltDeue;

1007 3137 1071 3202 sed,
1083 3136 1230 3208 insufflanit
1253 3136 1324 3192 Deus
1337 3137 1369 3192 ιἰι
1382 3137 1479 3208 taciem
1503 3138 1560 3207 ejus
1574 3137 1706 3207 spiritum
1720 3137 1795 3204 nitae,
1809 3142 1836 3193 ot

1006 3209 1095 3281 suetus
1109 3215 1147 3263 est
1159 3207 1235 3263 tomo
1244 3209 1275 3263 ιἰι
1289 3209 1409 3264 am'mem
1425 3209 1566 3263 cicentem.
1584 3211 1647 3264 tion
1661 3208 1734 3279 quia
1748 3207 1824 3265 dixit

1005 3279 1133 3351 spiritum
1148 3282 1222 3343 nita,
1239 3279 1306 3335 ideo
1321 3281 1463 3351 Spiritum
1476 3285 1615 3335 sanctum
1639 3278 1829 3348 significavit.

1007 3354 1081 3408 liam
1096 3356 1124 3407 et
1134 3350 1172 3406 de
1186 3351 1369 3408 animalibus
1380 3351 1420 3407 ita
1429 3351 1523 3412 aitJn
1536 3349 1632 3422 quibus
1642 3355 1702 3406 erut
1715 3349 1834 3432 spiritus

1006 3423 1070 3478 eitae
1086 3421 1165 3494 (Ger.
1183 3438 1231 3487 vu,
1250 3424 1306 3493 22).
1328 3422 1454 3495 Spiritus
1469 3422 1537 3478 vitm
1549 3421 1666 3487 dicitur,
1682 3436 1755 3494 quia
1768 3420 1834 3477 ani·
1929 3436 1932 3441 ·

1008 3500 1071 3549 mat
1084 3508 1210 3565 corpore
1223 3492 1262 3549 ad
1277 3495 1381 3551 vitam.

1042 3566 1075 3620 iv
1090 3565 1119 3635 (a
1132 3608 1139 3622 .
1152 3595 1186 3605 -
1201 3566 1259 3621 Cur
1275 3564 1371 3621 Adam
1390 3564 1420 3619 in
1441 3563 1557 3620 mundo
1575 3562 1692 3634 positus
1708 3561 1837 3620 manda·

1008 3640 1118 3692 tumve
1142 3634 1237 3705 legem
1254 3636 1376 3708 accepit,
1391 3650 1461 3691 cum
1480 3636 1544 3707 ipse
1565 3635 1734 3691 dominium
1749 3640 1836 3691 cate·

1007 3722 1111 3763 rorum
1128 3705 1260 3762 haberet.

1044 3780 1186 3843 Quamvis
1205 3779 1236 3833 in
1252 3777 1366 3834 mundo
1381 3777 1521 3834 dominus
1537 3777 1652 3851 positus
1667 3776 1704 3833 ait
1726 3776 1835 3848 Adam,

1007 3852 1109 3905 temen
1123 3850 1194 3921 quia
1214 3864 1275 3905 non
1300 3849 1402 3922 ntique
1422 3865 1458 3905 ex
1472 3865 1513 3905 se.
1529 3848 1583 3904 sed
1604 3865 1623 3905 a
1639 3850 1695 3904 ileo
1707 3847 1738 3904 id
1751 3862 1834 3904 acce-

1006 3922 1059 3993 pit,
1074 3919 1178 3976 debuit
1193 3921 1284 3992 hujus
1305 3921 1345 3976 rei
1362 3919 1611 3990 significationem
1628 3919 1744 3989 exlege
1759 3918 1836 3976 acci·

1006 4007 1076 4075 pere
1090 4008 1098 4057 ;
1113 3997 1144 4047 ut
1158 3990 1281 4064 ipsequi
1294 3991 1435 4048 dominus
1450 3991 1575 4058 ridetur,
1592 3990 1752 4062 perlegam
1765 3990 1836 4047 sub-

1003 4068 1100 4134 Jectus
1114 4063 1140 4117 ei
1153 4068 1229 4119 esset
1241 4065 1292 4135 qui
1308 4063 1348 4119 illi
1361 4064 1438 4120 hanc
1453 4062 1576 4119 dederet
1589 4067 1766 4132 potestatem
1780 4080 1789 4133 ;
1803 4065 1836 4118 ut

1006 4134 1169 4190 auotoritas
1193 4135 1340 4191 creatoris
1366 4136 1562 4190 reverentiam
1583 4134 1624 4189 iili
1650 4133 1761 4189 laceret
1779 4147 1836 4213 per

1006 4204 1117 4275 legem,
1132 4221 1169 4261 ne
1181 4204 1347 4262 dominatio
1367 4211 1450 4261 tanta
1462 4204 1613 4262 extolleret
1627 4202 1721 4269 illum,
1737 4206 1765 4259 et
1778 4218 1835 4258 im·

1005 4291 1126 4333 memor
1141 4275 1225 4333 tieret
1237 4277 1285 4332 iiei
1301 4276 1464 4333 conditoris
1478 4276 1535 4330 sni.

1042 4349 1063 4401 v
1083 4347 1131 4419 (b).
1143 4349 1246 4404 -Cur
1262 4351 1337 4402 ileus
1347 4346 1439 4411 dicat,
1459 4346 1520 4402 Non
1536 4343 1729 4416 permanentes
1754 4343 1833 4400 'ritus

1004 4434 1077 4474 meus
1092 4420 1123 4473 ιἰι
1137 4417 1289 4473 bominibus
1303 4418 1374 4483 istis,
1390 4419 1456 4489 quib
1469 4424 1532 4472 runt
1546 4419 1704 4482 coronant
1719 4360 1833 4471 trorum

1004 4494 1114 4546 centum
1129 4489 1239 4559 viginti,
1253 4493 1308 4544 etc.
1326 4488 1402 4560 (Gen.
1420 4505 1460 4555 vr,
1473 4489 1512 4554 3).
1541 4516 1543 4521 .

1041 4563 1114 4618 Cum
1135 4563 1270 4631 gigantes
1289 4566 1389 4616 essent
1404 4560 1459 4615 iliis
1479 4557 1586 4614 diebus
1601 4573 1693 4630 super
1711 4561 1831 4621 terram,

1005 4631 1135 4702 pestiferi
1155 4635 1183 4686 et
1199 4631 1331 4701 superbi.
1347 4646 1365 4689 a
1389 4629 1607 4699 magnitudinis
1626 4635 1738 4686 statura
1752 4629 1831 4696 etati,

1004 4707 1074 4774 post
1095 4700 1244 4758 desideria
1258 4702 1356 4758 cernis
1376 4711 1491 4767 euntes,
1509 4701 1572 4758 nati
1591 4704 1746 4773 apostate,
1762 4705 1833 4758 tuno

1003 4789 1073 4829 cum
1098 4772 1267 4843 displiceret
1286 4774 1354 4835 Deo:
1383 4773 1517 4844 promisit
1541 4787 1637 4842 genus
1661 4772 1832 4830 humanum

1002 4845 1115 4900 diluvio
1129 4842 1308 4909 deleturum,
1329 4850 1358 4901 et
1384 4848 1504 4917 tempus
1519 4845 1623 4900 statuit
1638 4860 1645 4911 ;
1672 4848 1702 4899 ut
1717 4844 1743 4900 si
1763 4843 1832 4916 quis

1002 4914 1077 4971 torte
1089 4916 1133 4971 ira
1147 4916 1196 4970 Dei
1212 4915 1313 4973 audita
1323 4921 1353 4972 et
1367 4914 1582 4988 indignatione,
1600 4931 1691 4987 super
1702 4915 1761 4973 troc
1773 4914 1832 4971 vel-

1002 4986 1041 5043 let
1056 5002 1087 5042 se
1101 4988 1261 5057 corrigere,
1276 4986 1400 5043 haberet
1424 4986 1554 5058 spatium
1581 4984 1765 5044 emendandi
1788 5000 1831 5040 se.

1002 5058 1135 5131 Denique
1147 5062 1268 5115 centum
1279 5058 1368 5114 annis
1381 5073 1452 5116 arca
1464 5058 1521 5114 hac
1536 5059 1651 5116 ratione
1661 5056 1778 5113 videtur
1787 5054 1831 5112 la-

1002 5129 1127 5186 brieata.
1150 5134 1224 5186 Ante
1249 5145 1325 5185 arcta
1347 5135 1446 5186 autem
1475 5127 1696 5185 inchoationem
1726 5126 1831 5198 viginti

1001 5201 1073 5258 anni
1087 5200 1177 5256 luisse
1194 5200 1399 5271 perhibentur.
1425 5201 1482 5257 Sed
1501 5202 1633 5257 narratio
1648 5199 1728 5256 istud
1747 5198 1832 5271 quod

1001 5277 1161 5345 postquam
1173 5271 1210 5327 de
1223 5287 1350 5329 numero
1362 5287 1511 5328 annorum
1527 5270 1676 5335 Noedixit,
1691 5269 1830 5340 subjecit,

1001 5343 1164 5401 obscurare
1189 5342 1311 5399 videtur.
1327 5345 1401 5399 Nam
1421 5343 1485 5399 brec
1504 5343 1651 5399 sententie
1665 5345 1830 5414 antequam

1024 5415 1233 5483 ningeniorum
1245 5429 1394 5472 annorum
1402 5413 1554 5477 essetNoe,
1563 5412 1828 5483 dignosciturlata.

1000 5431 1079 5553 huid
1093 5487 1172 5541 enim
1194 5485 1265 5540 dicit
1281 5483 1296 5540 l
1318 5484 1379 5540 Nod
1393 5485 1557 5556 pernionebr't
1571 5485 1776 5567 spiritissimus
1798 5485 1830 5539 in

1000 5556 1152 5614 bominibus
1165 5556 1226 5612 istri
1240 5574 1250 5612 .·
1267 5563 1424 5628 propterea
1438 5563 1467 5613 et
1479 5557 1619 5626 subjecit,
1632 5557 1704 5627 Quin
1722 5555 1831 5613 melitio

1032 5654 1058 5705 (e
1084 5646 1161 5696 Deest
1177 5644 1275 5695 inlisa.
1289 5645 1368 5709 primi
1379 5646 1495 5710 generis.

1033 5647 1069 5773 (ti
1083 5707 1162 5761 Deest
1175 5708 1204 5760 in
1220 5708 1319 5760 iisdem
1331 5707 1393 5761 tiss.
