<?xml version="1.0" encoding="UTF-8"?>
<!DOCTYPE html PUBLIC "-//W3C//DTD XHTML 1.0 Transitional//EN"
    "http://www.w3.org/TR/xhtml1/DTD/xhtml1-transitional.dtd">
<html xmlns="http://www.w3.org/1999/xhtml" xml:lang="en" lang="en">
 <head>
  <title>
</title>
<meta http-equiv="Content-Type" content="text/html;charset=utf-8" />
  <meta name='ocr-system' content='tesseract 3.04.00' />
  <meta name='ocr-capabilities' content='ocr_page ocr_carea ocr_par ocr_line ocrx_word'/>
</head>
<body>
  <div class='ocr_page' id='page_1' title='image "./patrologiaecurs07saingoog/patrologiaecurs07saingoog_0527.png"; bbox 0 0 3952 6150; ppageno 0'>
   <div class='ocr_carea' id='block_1_1' title="bbox 117 141 190 199">
    <p class='ocr_par' dir='ltr' id='par_1_1' title="bbox 117 141 190 199">
     <span class='ocr_line' id='line_1_1' title="bbox 117 141 190 199; baseline 0 0"><span class='ocrx_word' id='word_1_1' title='bbox 117 141 190 199; x_wconf 69' lang='lat'><strong>2355</strong></span> 
     </span>
    </p>
   </div>
   <div class='ocr_carea' id='block_1_2' title="bbox 117 258 949 4820">
    <p class='ocr_par' dir='ltr' id='par_1_2' title="bbox 117 258 949 4820">
     <span class='ocr_line' id='line_1_2' title="bbox 117 258 943 336; baseline -0.01 -11"><span class='ocrx_word' id='word_1_2' title='bbox 117 267 232 325; x_wconf 90' lang='lat' dir='ltr'>habent</span> <span class='ocrx_word' id='word_1_3' title='bbox 245 280 314 321; x_wconf 93' lang='lat' dir='ltr'>cum</span> <span class='ocrx_word' id='word_1_4' title='bbox 322 262 444 321; x_wconf 86' lang='lat' dir='ltr'>filiabus</span> <span class='ocrx_word' id='word_1_5' title='bbox 458 263 520 320; x_wconf 92' lang='lat' dir='ltr'>suis</span> <span class='ocrx_word' id='word_1_6' title='bbox 526 264 695 329; x_wconf 89' lang='lat' dir='ltr'>convenire,</span> <span class='ocrx_word' id='word_1_7' title='bbox 703 263 785 336; x_wconf 92' lang='lat' dir='ltr'>quod</span> <span class='ocrx_word' id='word_1_8' title='bbox 791 258 943 319; x_wconf 88' lang='lat' dir='ltr'>ethicfleri</span> 
     </span>
     <span class='ocr_line' id='line_1_3' title="bbox 118 334 942 413; baseline -0.008 -20"><span class='ocrx_word' id='word_1_9' title='bbox 118 354 208 413; x_wconf 86' lang='lat' dir='ltr'>posse</span> <span class='ocrx_word' id='word_1_10' title='bbox 223 336 388 393; x_wconf 78' lang='lat' dir='ltr'>ostenditur</span> <span class='ocrx_word' id='word_1_11' title='bbox 401 336 494 406; x_wconf 89' lang='lat' dir='ltr'>perid</span> <span class='ocrx_word' id='word_1_12' title='bbox 507 336 589 410; x_wconf 89' lang='lat' dir='ltr'>quod</span> <span class='ocrx_word' id='word_1_13' title='bbox 604 335 816 407; x_wconf 86' lang='lat' dir='ltr'>aquibusdam</span> <span class='ocrx_word' id='word_1_14' title='bbox 832 334 942 389; x_wconf 86' lang='lat' dir='ltr'>factum</span> 
     </span>
     <span class='ocr_line' id='line_1_4' title="bbox 119 407 942 484; baseline -0.009 -17"><span class='ocrx_word' id='word_1_15' title='bbox 119 412 271 484; x_wconf 87' lang='lat' dir='ltr'>probatur.</span> <span class='ocrx_word' id='word_1_16' title='bbox 287 407 346 463; x_wconf 83' lang='lat' dir='ltr'>Sed</span> <span class='ocrx_word' id='word_1_17' title='bbox 362 408 435 480; x_wconf 91' lang='lat' dir='ltr'>quia</span> <span class='ocrx_word' id='word_1_18' title='bbox 457 408 586 462; x_wconf 91' lang='lat' dir='ltr'>vindicta</span> <span class='ocrx_word' id='word_1_19' title='bbox 602 407 767 471; x_wconf 87' lang='lat' dir='ltr'>intervenit,</span> <span class='ocrx_word' id='word_1_20' title='bbox 783 412 864 461; x_wconf 91' lang='lat' dir='ltr'>metu</span> <span class='ocrx_word' id='word_1_21' title='bbox 879 419 942 460; x_wconf 92' lang='lat' dir='ltr'>cor·</span> 
     </span>
     <span class='ocr_line' id='line_1_5' title="bbox 119 476 942 553; baseline -0.01 -15"><span class='ocrx_word' id='word_1_22' title='bbox 119 482 193 553; x_wconf 89' lang='lat' dir='ltr'>repti</span> <span class='ocrx_word' id='word_1_23' title='bbox 208 483 290 543; x_wconf 85' lang='lat' dir='ltr'>sunt,</span> <span class='ocrx_word' id='word_1_24' title='bbox 311 495 347 534; x_wconf 92' lang='lat' dir='ltr'>ne</span> <span class='ocrx_word' id='word_1_25' title='bbox 362 479 492 534; x_wconf 90' lang='lat' dir='ltr'>lacerent</span> <span class='ocrx_word' id='word_1_26' title='bbox 516 477 598 550; x_wconf 89' lang='lat' dir='ltr'>quod</span> <span class='ocrx_word' id='word_1_27' title='bbox 615 484 711 549; x_wconf 88' lang='lat' dir='ltr'>polest</span> <span class='ocrx_word' id='word_1_28' title='bbox 727 477 799 543; x_wconf 90' lang='lat' dir='ltr'>lieri,</span> <span class='ocrx_word' id='word_1_29' title='bbox 817 476 942 532; x_wconf 86' lang='lat' dir='ltr'>sednon</span> 
     </span>
     <span class='ocr_line' id='line_1_6' title="bbox 119 547 942 620; baseline -0.009 -12"><span class='ocrx_word' id='word_1_30' title='bbox 119 552 194 608; x_wconf 90' lang='lat' dir='ltr'>licet.</span> <span class='ocrx_word' id='word_1_31' title='bbox 211 554 305 608; x_wconf 84' lang='lat' dir='ltr'><strong>Omne</strong></span> <span class='ocrx_word' id='word_1_32' title='bbox 316 551 395 604; x_wconf 92' lang='lat' dir='ltr'>enim</span> <span class='ocrx_word' id='word_1_33' title='bbox 404 549 485 620; x_wconf 81' lang='lat' dir='ltr'>quod</span> <span class='ocrx_word' id='word_1_34' title='bbox 495 547 942 620; x_wconf 79' lang='lat' dir='ltr'>prohibetur,ivleoprchibetur‚</span> 
     </span>
     <span class='ocr_line' id='line_1_7' title="bbox 118 619 942 694; baseline -0.007 -15"><span class='ocrx_word' id='word_1_35' title='bbox 118 639 167 686; x_wconf 94' lang='lat' dir='ltr'>ne,</span> <span class='ocrx_word' id='word_1_36' title='bbox 182 624 253 694; x_wconf 91' lang='lat' dir='ltr'>quia</span> <span class='ocrx_word' id='word_1_37' title='bbox 268 627 364 693; x_wconf 90' lang='lat' dir='ltr'>potest</span> <span class='ocrx_word' id='word_1_38' title='bbox 378 620 449 684; x_wconf 92' lang='lat' dir='ltr'>lieri,</span> <span class='ocrx_word' id='word_1_39' title='bbox 466 619 536 675; x_wconf 87' lang='lat' dir='ltr'>liat:</span> <span class='ocrx_word' id='word_1_40' title='bbox 554 621 576 674; x_wconf 92' lang='lat' dir='ltr'>si</span> <span class='ocrx_word' id='word_1_41' title='bbox 592 626 692 676; x_wconf 89' lang='lat' dir='ltr'>autem</span> <span class='ocrx_word' id='word_1_42' title='bbox 708 619 858 685; x_wconf 77' lang='lat' dir='ltr'>subesset,</span> <span class='ocrx_word' id='word_1_43' title='bbox 881 634 942 674; x_wconf 90' lang='lat' dir='ltr'>nnn</span> 
     </span>
     <span class='ocr_line' id='line_1_8' title="bbox 119 690 944 770; baseline -0.007 -20"><span class='ocrx_word' id='word_1_44' title='bbox 119 700 219 770; x_wconf 85' lang='lat' dir='ltr'>posset</span> <span class='ocrx_word' id='word_1_45' title='bbox 234 693 308 761; x_wconf 87' lang='lat' dir='ltr'>lieri,</span> <span class='ocrx_word' id='word_1_46' title='bbox 322 706 419 765; x_wconf 89' lang='lat' dir='ltr'>ncqne</span> <span class='ocrx_word' id='word_1_47' title='bbox 432 690 648 761; x_wconf 75' lang='lat' dir='ltr'>prohiberetur.</span> <span class='ocrx_word' id='word_1_48' title='bbox 668 694 741 747; x_wconf 84' lang='lat' dir='ltr'>Nam</span> <span class='ocrx_word' id='word_1_49' title='bbox 754 692 777 745; x_wconf 90' lang='lat' dir='ltr'>si</span> <span class='ocrx_word' id='word_1_50' title='bbox 790 706 849 746; x_wconf 89' lang='lat' dir='ltr'>non</span> <span class='ocrx_word' id='word_1_51' title='bbox 865 695 944 745; x_wconf 90' lang='lat' dir='ltr'>essct</span> 
     </span>
     <span class='ocr_line' id='line_1_9' title="bbox 121 762 944 835; baseline -0.01 -12"><span class='ocrx_word' id='word_1_52' title='bbox 121 767 211 822; x_wconf 90' lang='lat' dir='ltr'>latiet</span> <span class='ocrx_word' id='word_1_53' title='bbox 226 763 441 834; x_wconf 79' lang='lat' dir='ltr'>prohiberetur,</span> <span class='ocrx_word' id='word_1_54' title='bbox 458 777 545 831; x_wconf 91' lang='lat' dir='ltr'>posse</span> <span class='ocrx_word' id='word_1_55' title='bbox 568 762 631 817; x_wconf 87' lang='lat' dir='ltr'>lieri</span> <span class='ocrx_word' id='word_1_56' title='bbox 657 762 740 835; x_wconf 91' lang='lat' dir='ltr'>quod</span> <span class='ocrx_word' id='word_1_57' title='bbox 755 762 806 817; x_wconf 90' lang='lat' dir='ltr'>lati</span> <span class='ocrx_word' id='word_1_58' title='bbox 822 777 882 817; x_wconf 92' lang='lat' dir='ltr'>non</span> <span class='ocrx_word' id='word_1_59' title='bbox 899 766 944 815; x_wconf 87' lang='lat' dir='ltr'>est</span> 
     </span>
     <span class='ocr_line' id='line_1_10' title="bbox 121 831 944 913; baseline -0.007 -21"><span class='ocrx_word' id='word_1_60' title='bbox 121 835 346 906; x_wconf 84' lang='lat' dir='ltr'>significaretur.</span> <span class='ocrx_word' id='word_1_61' title='bbox 364 833 634 905; x_wconf 85' lang='lat' dir='ltr'>thuaeprudentia</span> <span class='ocrx_word' id='word_1_62' title='bbox 649 831 944 913; x_wconf 87' lang='lat' dir='ltr'>estprobiberequod</span> 
     </span>
     <span class='ocr_line' id='line_1_11' title="bbox 119 903 944 978; baseline -0.006 -14"><span class='ocrx_word' id='word_1_63' title='bbox 119 923 181 964; x_wconf 90' lang='lat' dir='ltr'>nnn</span> <span class='ocrx_word' id='word_1_64' title='bbox 195 910 292 978; x_wconf 89' lang='lat' dir='ltr'>polest</span> <span class='ocrx_word' id='word_1_65' title='bbox 305 903 365 959; x_wconf 89' lang='lat' dir='ltr'>lieri</span> <span class='ocrx_word' id='word_1_66' title='bbox 379 921 386 970; x_wconf 90' lang='lat'>;</span> <span class='ocrx_word' id='word_1_67' title='bbox 401 920 436 959; x_wconf 90' lang='lat' dir='ltr'>nc</span> <span class='ocrx_word' id='word_1_68' title='bbox 449 904 471 958; x_wconf 92' lang='lat' dir='ltr'>si</span> <span class='ocrx_word' id='word_1_69' title='bbox 483 905 590 975; x_wconf 92' lang='lat' dir='ltr'>aliquis</span> <span class='ocrx_word' id='word_1_70' title='bbox 602 905 769 976; x_wconf 88' lang='lat' dir='ltr'>prohibeat,</span> <span class='ocrx_word' id='word_1_71' title='bbox 778 919 816 960; x_wconf 93' lang='lat' dir='ltr'>ne</span> <span class='ocrx_word' id='word_1_72' title='bbox 829 919 896 976; x_wconf 91' lang='lat' dir='ltr'>quvs</span> <span class='ocrx_word' id='word_1_73' title='bbox 907 904 944 959; x_wconf 89' lang='lat' dir='ltr'>de</span> 
     </span>
     <span class='ocr_line' id='line_1_12' title="bbox 120 974 945 1046; baseline -0.007 -13"><span class='ocrx_word' id='word_1_74' title='bbox 120 977 193 1033; x_wconf 90' lang='lat' dir='ltr'>urbe</span> <span class='ocrx_word' id='word_1_75' title='bbox 203 979 340 1032; x_wconf 84' lang='lat' dir='ltr'>Romana</span> <span class='ocrx_word' id='word_1_76' title='bbox 352 976 514 1031; x_wconf 83' lang='lat' dir='ltr'>transvolet</span> <span class='ocrx_word' id='word_1_77' title='bbox 529 977 614 1031; x_wconf 85' lang='lat' dir='ltr'>iuliis</span> <span class='ocrx_word' id='word_1_78' title='bbox 637 976 749 1041; x_wconf 87' lang='lat' dir='ltr'>aniam,</span> <span class='ocrx_word' id='word_1_79' title='bbox 762 981 813 1030; x_wconf 91' lang='lat' dir='ltr'>aut</span> <span class='ocrx_word' id='word_1_80' title='bbox 827 974 945 1046; x_wconf 91' lang='lat' dir='ltr'>nequis</span> 
     </span>
     <span class='ocr_line' id='line_1_13' title="bbox 119 991 945 1117; baseline -0.005 -13"><span class='ocrx_word' id='word_1_81' title='bbox 119 1048 251 1104; x_wconf 92' lang='lat' dir='ltr'>humeris</span> <span class='ocrx_word' id='word_1_82' title='bbox 268 1053 400 1103; x_wconf 88' lang='lat' dir='ltr'>montem</span> <span class='ocrx_word' id='word_1_83' title='bbox 416 1046 597 1102; x_wconf 82' lang='lat' dir='ltr'>transierat?</span> <span class='ocrx_word' id='word_1_84' title='bbox 611 991 664 1103; x_wconf 68' lang='lat' dir='ltr'>iiis</span> <span class='ocrx_word' id='word_1_85' title='bbox 678 1053 779 1103; x_wconf 91' lang='lat' dir='ltr'>autem</span> <span class='ocrx_word' id='word_1_86' title='bbox 794 1061 862 1117; x_wconf 80' lang='lat' dir='ltr'>quse</span> <span class='ocrx_word' id='word_1_87' title='bbox 877 1062 945 1115; x_wconf 91' lang='lat' dir='ltr'>pos-</span> 
     </span>
     <span class='ocr_line' id='line_1_14' title="bbox 121 1117 945 1190; baseline -0.004 -15"><span class='ocrx_word' id='word_1_88' title='bbox 121 1122 192 1175; x_wconf 85' lang='lat' dir='ltr'>sunt</span> <span class='ocrx_word' id='word_1_89' title='bbox 202 1119 341 1174; x_wconf 92' lang='lat' dir='ltr'>liericum</span> <span class='ocrx_word' id='word_1_90' title='bbox 352 1133 412 1173; x_wconf 93' lang='lat' dir='ltr'>non</span> <span class='ocrx_word' id='word_1_91' title='bbox 425 1117 559 1184; x_wconf 91' lang='lat' dir='ltr'>debeant,</span> <span class='ocrx_word' id='word_1_92' title='bbox 574 1119 779 1190; x_wconf 90' lang='lat' dir='ltr'>probibentur.</span> <span class='ocrx_word' id='word_1_93' title='bbox 796 1121 855 1174; x_wconf 86' lang='lat' dir='ltr'>llos</span> <span class='ocrx_word' id='word_1_94' title='bbox 868 1120 945 1174; x_wconf 79' lang='lat' dir='ltr'>Mavi-</span> 
     </span>
     <span class='ocr_line' id='line_1_15' title="bbox 121 1188 945 1247; baseline -0.004 -1"><span class='ocrx_word' id='word_1_95' title='bbox 121 1194 275 1247; x_wconf 87' lang='lat' dir='ltr'>rorumest</span> <span class='ocrx_word' id='word_1_96' title='bbox 290 1195 321 1245; x_wconf 92' lang='lat' dir='ltr'>ut</span> <span class='ocrx_word' id='word_1_97' title='bbox 335 1189 456 1245; x_wconf 89' lang='lat' dir='ltr'>inaures</span> <span class='ocrx_word' id='word_1_98' title='bbox 471 1191 562 1245; x_wconf 91' lang='lat' dir='ltr'>etiam</span> <span class='ocrx_word' id='word_1_99' title='bbox 578 1189 608 1244; x_wconf 95' lang='lat' dir='ltr'>in</span> <span class='ocrx_word' id='word_1_100' title='bbox 623 1191 746 1245; x_wconf 87' lang='lat' dir='ltr'>neribus</span> <span class='ocrx_word' id='word_1_101' title='bbox 760 1188 892 1245; x_wconf 80' lang='lat' dir='ltr'>habeant</span> <span class='ocrx_word' id='word_1_102' title='bbox 906 1188 945 1243; x_wconf 87' lang='lat' dir='ltr'>fe·</span> 
     </span>
     <span class='ocr_line' id='line_1_16' title="bbox 121 1259 945 1333; baseline -0.004 -16"><span class='ocrx_word' id='word_1_103' title='bbox 121 1263 210 1317; x_wconf 78' lang='lat' dir='ltr'>mine</span> <span class='ocrx_word' id='word_1_104' title='bbox 227 1278 234 1326; x_wconf 92' lang='lat'>;</span> <span class='ocrx_word' id='word_1_105' title='bbox 250 1259 529 1333; x_wconf 84' lang='lat' dir='ltr'>numquidlatiestl</span> <span class='ocrx_word' id='word_1_106' title='bbox 539 1261 566 1316; x_wconf 90' lang='lat' dir='ltr'>Si</span> <span class='ocrx_word' id='word_1_107' title='bbox 582 1259 727 1326; x_wconf 86' lang='lat' dir='ltr'>iatiesset,</span> <span class='ocrx_word' id='word_1_108' title='bbox 740 1261 799 1316; x_wconf 89' lang='lat' dir='ltr'>buc</span> <span class='ocrx_word' id='word_1_109' title='bbox 810 1259 945 1316; x_wconf 85' lang='lat' dir='ltr'>translati</span> 
     </span>
     <span class='ocr_line' id='line_1_17' title="bbox 121 1331 946 1404; baseline -0.001 -17"><span class='ocrx_word' id='word_1_110' title='bbox 121 1333 162 1388; x_wconf 94' lang='lat' dir='ltr'>sic</span> <span class='ocrx_word' id='word_1_111' title='bbox 178 1338 335 1388; x_wconf 84' lang='lat' dir='ltr'>manerent</span> <span class='ocrx_word' id='word_1_112' title='bbox 349 1354 354 1396; x_wconf 88' lang='lat'>;</span> <span class='ocrx_word' id='word_1_113' title='bbox 367 1333 438 1403; x_wconf 89' lang='lat' dir='ltr'>quia</span> <span class='ocrx_word' id='word_1_114' title='bbox 451 1332 474 1386; x_wconf 91' lang='lat' dir='ltr'>si</span> <span class='ocrx_word' id='word_1_115' title='bbox 490 1331 583 1387; x_wconf 90' lang='lat' dir='ltr'>latum</span> <span class='ocrx_word' id='word_1_116' title='bbox 597 1337 651 1397; x_wconf 87' lang='lat' dir='ltr'>est,</span> <span class='ocrx_word' id='word_1_117' title='bbox 675 1332 886 1404; x_wconf 87' lang='lat' dir='ltr'>unusquisque</span> <span class='ocrx_word' id='word_1_118' title='bbox 901 1346 946 1386; x_wconf 91' lang='lat' dir='ltr'>sc·</span> 
     </span>
     <span class='ocr_line' id='line_1_18' title="bbox 121 1402 944 1475; baseline -0.005 -16"><span class='ocrx_word' id='word_1_119' title='bbox 121 1403 295 1459; x_wconf 88' lang='lat' dir='ltr'>cumhabet</span> <span class='ocrx_word' id='word_1_120' title='bbox 309 1402 402 1458; x_wconf 86' lang='lat' dir='ltr'>iatum</span> <span class='ocrx_word' id='word_1_121' title='bbox 431 1418 521 1457; x_wconf 89' lang='lat' dir='ltr'>suum</span> <span class='ocrx_word' id='word_1_122' title='bbox 543 1425 549 1457; x_wconf 91' lang='lat'>:</span> <span class='ocrx_word' id='word_1_123' title='bbox 571 1403 622 1457; x_wconf 93' lang='lat' dir='ltr'>sed</span> <span class='ocrx_word' id='word_1_124' title='bbox 643 1404 791 1475; x_wconf 90' lang='lat' dir='ltr'>quianon</span> <span class='ocrx_word' id='word_1_125' title='bbox 814 1408 860 1459; x_wconf 91' lang='lat' dir='ltr'>est</span> <span class='ocrx_word' id='word_1_126' title='bbox 883 1402 944 1466; x_wconf 89' lang='lat' dir='ltr'>lati,</span> 
     </span>
     <span class='ocr_line' id='line_1_19' title="bbox 121 1474 946 1539; baseline -0.006 -8"><span class='ocrx_word' id='word_1_127' title='bbox 121 1490 227 1531; x_wconf 91' lang='lat' dir='ltr'>omnes</span> <span class='ocrx_word' id='word_1_128' title='bbox 246 1474 483 1537; x_wconf 90' lang='lat' dir='ltr'>indevenientes,</span> <span class='ocrx_word' id='word_1_129' title='bbox 510 1474 557 1529; x_wconf 91' lang='lat' dir='ltr'>bic</span> <span class='ocrx_word' id='word_1_130' title='bbox 572 1474 779 1539; x_wconf 91' lang='lat' dir='ltr'>immutantur,</span> <span class='ocrx_word' id='word_1_131' title='bbox 811 1475 946 1528; x_wconf 89' lang='lat' dir='ltr'>videntes</span> 
     </span>
     <span class='ocr_line' id='line_1_20' title="bbox 122 1544 946 1617; baseline -0.001 -16"><span class='ocrx_word' id='word_1_132' title='bbox 122 1552 207 1616; x_wconf 87' lang='lat' dir='ltr'>turpe</span> <span class='ocrx_word' id='word_1_133' title='bbox 221 1545 286 1600; x_wconf 90' lang='lat' dir='ltr'>istic</span> <span class='ocrx_word' id='word_1_134' title='bbox 300 1544 482 1616; x_wconf 88' lang='lat' dir='ltr'>videriquod</span> <span class='ocrx_word' id='word_1_135' title='bbox 494 1544 551 1599; x_wconf 93' lang='lat' dir='ltr'>illio</span> <span class='ocrx_word' id='word_1_136' title='bbox 562 1545 705 1600; x_wconf 89' lang='lat' dir='ltr'>decorum</span> <span class='ocrx_word' id='word_1_137' title='bbox 720 1551 850 1617; x_wconf 91' lang='lat' dir='ltr'>potatur.</span> <span class='ocrx_word' id='word_1_138' title='bbox 865 1546 946 1600; x_wconf 82' lang='lat' dir='ltr'>Certe</span> 
     </span>
     <span class='ocr_line' id='line_1_21' title="bbox 122 1616 945 1688; baseline -0.002 -15"><span class='ocrx_word' id='word_1_139' title='bbox 122 1616 204 1688; x_wconf 89' lang='lat' dir='ltr'>apud</span> <span class='ocrx_word' id='word_1_140' title='bbox 216 1631 322 1672; x_wconf 92' lang='lat' dir='ltr'>omnes</span> <span class='ocrx_word' id='word_1_141' title='bbox 342 1623 444 1687; x_wconf 88' lang='lat' dir='ltr'>gentes</span> <span class='ocrx_word' id='word_1_142' title='bbox 456 1632 609 1681; x_wconf 90' lang='lat' dir='ltr'>numerus,</span> <span class='ocrx_word' id='word_1_143' title='bbox 625 1631 770 1672; x_wconf 91' lang='lat' dir='ltr'>numerus</span> <span class='ocrx_word' id='word_1_144' title='bbox 785 1623 844 1679; x_wconf 90' lang='lat' dir='ltr'>est‚·</span> <span class='ocrx_word' id='word_1_145' title='bbox 858 1621 945 1681; x_wconf 90' lang='lat' dir='ltr'>terra,</span> 
     </span>
     <span class='ocr_line' id='line_1_22' title="bbox 124 1691 947 1759; baseline -0.002 -16"><span class='ocrx_word' id='word_1_146' title='bbox 124 1694 201 1743; x_wconf 84' lang='lat' dir='ltr'>terra</span> <span class='ocrx_word' id='word_1_147' title='bbox 213 1691 256 1742; x_wconf 89' lang='lat' dir='ltr'>est</span> <span class='ocrx_word' id='word_1_148' title='bbox 272 1703 278 1751; x_wconf 90' lang='lat'><em>;</em></span> <span class='ocrx_word' id='word_1_149' title='bbox 293 1694 321 1741; x_wconf 91' lang='lat' dir='ltr'>et</span> <span class='ocrx_word' id='word_1_150' title='bbox 337 1703 426 1759; x_wconf 86' lang='lat' dir='ltr'>aqua.</span> <span class='ocrx_word' id='word_1_151' title='bbox 453 1702 532 1759; x_wconf 90' lang='lat' dir='ltr'>aqua</span> <span class='ocrx_word' id='word_1_152' title='bbox 547 1693 590 1742; x_wconf 92' lang='lat' dir='ltr'>est</span> <span class='ocrx_word' id='word_1_153' title='bbox 607 1705 614 1754; x_wconf 88' lang='lat'>;</span> <span class='ocrx_word' id='word_1_154' title='bbox 630 1693 659 1742; x_wconf 92' lang='lat' dir='ltr'>et</span> <span class='ocrx_word' id='word_1_155' title='bbox 684 1703 745 1751; x_wconf 89' lang='lat' dir='ltr'>aer,</span> <span class='ocrx_word' id='word_1_156' title='bbox 760 1702 812 1743; x_wconf 90' lang='lat' dir='ltr'>aer</span> <span class='ocrx_word' id='word_1_157' title='bbox 838 1693 902 1755; x_wconf 92' lang='lat' dir='ltr'>est;</span> <span class='ocrx_word' id='word_1_158' title='bbox 919 1692 947 1741; x_wconf 92' lang='lat' dir='ltr'>et</span> 
     </span>
     <span class='ocr_line' id='line_1_23' title="bbox 121 1758 947 1831; baseline -0.002 -17"><span class='ocrx_word' id='word_1_159' title='bbox 121 1759 209 1831; x_wconf 90' lang='lat' dir='ltr'>ignis,</span> <span class='ocrx_word' id='word_1_160' title='bbox 225 1758 302 1827; x_wconf 92' lang='lat' dir='ltr'>ignis</span> <span class='ocrx_word' id='word_1_161' title='bbox 330 1763 383 1814; x_wconf 89' lang='lat' dir='ltr'>est.</span> <span class='ocrx_word' id='word_1_162' title='bbox 410 1758 561 1831; x_wconf 89' lang='lat' dir='ltr'>Numquid</span> <span class='ocrx_word' id='word_1_163' title='bbox 577 1762 674 1827; x_wconf 92' lang='lat' dir='ltr'>potest</span> <span class='ocrx_word' id='word_1_164' title='bbox 698 1758 808 1815; x_wconf 89' lang='lat' dir='ltr'>alicubi</span> <span class='ocrx_word' id='word_1_165' title='bbox 825 1758 947 1825; x_wconf 88' lang='lat' dir='ltr'>reperiri</span> 
     </span>
     <span class='ocr_line' id='line_1_24' title="bbox 122 1828 946 1955; baseline -0.002 -70"><span class='ocrx_word' id='word_1_166' title='bbox 122 1835 277 1901; x_wconf 78' lang='lat' dir='ltr'>terraque</span> <span class='ocrx_word' id='word_1_167' title='bbox 292 1843 352 1884; x_wconf 92' lang='lat' dir='ltr'>non</span> <span class='ocrx_word' id='word_1_168' title='bbox 368 1828 451 1884; x_wconf 89' lang='lat' dir='ltr'>arida</span> <span class='ocrx_word' id='word_1_169' title='bbox 463 1828 509 1897; x_wconf 90' lang='lat' dir='ltr'>sit,</span> <span class='ocrx_word' id='word_1_170' title='bbox 524 1834 574 1884; x_wconf 91' lang='lat' dir='ltr'>aut</span> <span class='ocrx_word' id='word_1_171' title='bbox 587 1845 638 1885; x_wconf 89' lang='lat' dir='ltr'>aer</span> <span class='ocrx_word' id='word_1_172' title='bbox 657 1830 708 1901; x_wconf 90' lang='lat' dir='ltr'>qui</span> <span class='ocrx_word' id='word_1_173' title='bbox 725 1829 886 1955; x_wconf 58' lang='lat' dir='ltr'>palpabilis</span> <span class='ocrx_word' id='word_1_174' title='bbox 899 1831 946 1894; x_wconf 92' lang='lat' dir='ltr'>sit,</span> 
     </span>
     <span class='ocr_line' id='line_1_25' title="bbox 121 1899 947 1972; baseline -0.004 -15"><span class='ocrx_word' id='word_1_175' title='bbox 121 1906 261 1972; x_wconf 88' lang='lat' dir='ltr'>autaqua</span> <span class='ocrx_word' id='word_1_176' title='bbox 272 1916 340 1971; x_wconf 78' lang='lat' dir='ltr'>ques</span> <span class='ocrx_word' id='word_1_177' title='bbox 356 1899 507 1956; x_wconf 83' lang='lat' dir='ltr'>nonlluxa</span> <span class='ocrx_word' id='word_1_178' title='bbox 518 1905 546 1955; x_wconf 90' lang='lat' dir='ltr'>et</span> <span class='ocrx_word' id='word_1_179' title='bbox 562 1900 722 1970; x_wconf 86' lang='lat' dir='ltr'>lrigidasit.</span> <span class='ocrx_word' id='word_1_180' title='bbox 740 1917 776 1956; x_wconf 88' lang='lat' dir='ltr'>ve</span> <span class='ocrx_word' id='word_1_181' title='bbox 802 1901 880 1971; x_wconf 88' lang='lat' dir='ltr'>ignis</span> <span class='ocrx_word' id='word_1_182' title='bbox 918 1901 947 1955; x_wconf 92' lang='lat' dir='ltr'>ui</span> 
     </span>
     <span class='ocr_line' id='line_1_26' title="bbox 121 1917 949 2042; baseline 0 -15"><span class='ocrx_word' id='word_1_183' title='bbox 121 1971 249 2041; x_wconf 76' lang='lat' dir='ltr'>frigidus</span> <span class='ocrx_word' id='word_1_184' title='bbox 258 1971 296 2025; x_wconf 92' lang='lat' dir='ltr'>sit</span> <span class='ocrx_word' id='word_1_185' title='bbox 309 1970 324 2026; x_wconf 81' lang='lat' dir='ltr'>i</span> <span class='ocrx_word' id='word_1_186' title='bbox 337 1971 502 2042; x_wconf 88' lang='lat' dir='ltr'>Sicubique</span> <span class='ocrx_word' id='word_1_187' title='bbox 511 1972 633 2042; x_wconf 84' lang='lat' dir='ltr'>Jupiter,</span> <span class='ocrx_word' id='word_1_188' title='bbox 644 1974 758 2042; x_wconf 84' lang='lat' dir='ltr'>Jupiter</span> <span class='ocrx_word' id='word_1_189' title='bbox 772 1976 819 2027; x_wconf 89' lang='lat' dir='ltr'>est</span> <span class='ocrx_word' id='word_1_190' title='bbox 831 1989 838 2038; x_wconf 92' lang='lat'>;</span> <span class='ocrx_word' id='word_1_191' title='bbox 850 1978 878 2027; x_wconf 90' lang='lat' dir='ltr'>et</span> <span class='ocrx_word' id='word_1_192' title='bbox 893 1917 949 2027; x_wconf 58' lang='lat' dir='ltr'>ga·</span> 
     </span>
     <span class='ocr_line' id='line_1_27' title="bbox 124 2042 948 2115; baseline -0.001 -16"><span class='ocrx_word' id='word_1_193' title='bbox 124 2046 238 2107; x_wconf 88' lang='lat' dir='ltr'>turnus,</span> <span class='ocrx_word' id='word_1_194' title='bbox 256 2043 450 2098; x_wconf 88' lang='lat' dir='ltr'>Saturnusest</span> <span class='ocrx_word' id='word_1_195' title='bbox 465 2061 474 2115; x_wconf 82' lang='lat'>;</span> <span class='ocrx_word' id='word_1_196' title='bbox 487 2048 514 2098; x_wconf 92' lang='lat' dir='ltr'>ct</span> <span class='ocrx_word' id='word_1_197' title='bbox 525 2042 635 2108; x_wconf 89' lang='lat' dir='ltr'>Venus,</span> <span class='ocrx_word' id='word_1_198' title='bbox 654 2045 750 2098; x_wconf 86' lang='lat' dir='ltr'>Venus</span> <span class='ocrx_word' id='word_1_199' title='bbox 762 2049 819 2100; x_wconf 89' lang='lat' dir='ltr'>cst.</span> <span class='ocrx_word' id='word_1_200' title='bbox 836 2043 948 2099; x_wconf 84' lang='lat' dir='ltr'>Eodem</span> 
     </span>
     <span class='ocr_line' id='line_1_28' title="bbox 123 2112 947 2182; baseline 0 -13"><span class='ocrx_word' id='word_1_201' title='bbox 123 2112 215 2169; x_wconf 88' lang='lat' dir='ltr'>modo</span> <span class='ocrx_word' id='word_1_202' title='bbox 234 2118 262 2169; x_wconf 88' lang='lat' dir='ltr'>ct</span> <span class='ocrx_word' id='word_1_203' title='bbox 276 2118 383 2170; x_wconf 77' lang='lat' dir='ltr'>cetera</span> <span class='ocrx_word' id='word_1_204' title='bbox 398 2115 495 2182; x_wconf 88' lang='lat' dir='ltr'>signa.</span> <span class='ocrx_word' id='word_1_205' title='bbox 514 2116 568 2168; x_wconf 74' lang='lat' dir='ltr'>Ars</span> <span class='ocrx_word' id='word_1_206' title='bbox 589 2115 670 2169; x_wconf 90' lang='lat' dir='ltr'>enim</span> <span class='ocrx_word' id='word_1_207' title='bbox 688 2114 744 2171; x_wconf 91' lang='lat' dir='ltr'>ista</span> <span class='ocrx_word' id='word_1_208' title='bbox 759 2129 818 2170; x_wconf 90' lang='lat' dir='ltr'>una</span> <span class='ocrx_word' id='word_1_209' title='bbox 832 2115 947 2170; x_wconf 89' lang='lat' dir='ltr'>ratione</span> 
     </span>
     <span class='ocr_line' id='line_1_29' title="bbox 124 2182 948 2258; baseline -0.002 -17"><span class='ocrx_word' id='word_1_210' title='bbox 124 2188 265 2241; x_wconf 89' lang='lat' dir='ltr'>tractatur</span> <span class='ocrx_word' id='word_1_211' title='bbox 282 2183 393 2256; x_wconf 89' lang='lat' dir='ltr'>ubique</span> <span class='ocrx_word' id='word_1_212' title='bbox 409 2184 480 2240; x_wconf 86' lang='lat' dir='ltr'>:scd</span> <span class='ocrx_word' id='word_1_213' title='bbox 491 2182 875 2258; x_wconf 90' lang='lat' dir='ltr'>quiaapudomnesgentes</span> <span class='ocrx_word' id='word_1_214' title='bbox 889 2186 948 2241; x_wconf 92' lang='lat' dir='ltr'>ins-</span> 
     </span>
     <span class='ocr_line' id='line_1_30' title="bbox 122 2256 949 2330; baseline 0 -18"><span class='ocrx_word' id='word_1_215' title='bbox 122 2257 347 2320; x_wconf 88' lang='lat' dir='ltr'>titutamanent,</span> <span class='ocrx_word' id='word_1_216' title='bbox 359 2256 554 2312; x_wconf 84' lang='lat' dir='ltr'>nonistorum</span> <span class='ocrx_word' id='word_1_217' title='bbox 565 2256 753 2329; x_wconf 70' lang='lat' dir='ltr'>rationeque</span> <span class='ocrx_word' id='word_1_218' title='bbox 764 2257 876 2330; x_wconf 91' lang='lat' dir='ltr'>ubique</span> <span class='ocrx_word' id='word_1_219' title='bbox 888 2272 949 2312; x_wconf 91' lang='lat' dir='ltr'>una</span> 
     </span>
     <span class='ocr_line' id='line_1_31' title="bbox 123 2327 943 2398; baseline 0.001 -16"><span class='ocrx_word' id='word_1_220' title='bbox 123 2332 177 2390; x_wconf 90' lang='lat' dir='ltr'>est,</span> <span class='ocrx_word' id='word_1_221' title='bbox 200 2327 277 2383; x_wconf 91' lang='lat' dir='ltr'>sicut</span> <span class='ocrx_word' id='word_1_222' title='bbox 293 2330 429 2391; x_wconf 90' lang='lat' dir='ltr'>tractant,</span> <span class='ocrx_word' id='word_1_223' title='bbox 457 2327 508 2382; x_wconf 87' lang='lat' dir='ltr'>scd</span> <span class='ocrx_word' id='word_1_224' title='bbox 530 2327 689 2383; x_wconf 92' lang='lat' dir='ltr'>hominum</span> <span class='ocrx_word' id='word_1_225' title='bbox 713 2328 943 2398; x_wconf 82' lang='lat' dir='ltr'>excogitatione.</span> 
     </span>
     <span class='ocr_line' id='line_1_32' title="bbox 125 2397 947 2471; baseline 0.002 -18"><span class='ocrx_word' id='word_1_226' title='bbox 125 2397 274 2470; x_wconf 84' lang='lat' dir='ltr'>Quidquid</span> <span class='ocrx_word' id='word_1_227' title='bbox 285 2399 365 2454; x_wconf 91' lang='lat' dir='ltr'>enim</span> <span class='ocrx_word' id='word_1_228' title='bbox 377 2399 465 2455; x_wconf 91' lang='lat' dir='ltr'>alicui</span> <span class='ocrx_word' id='word_1_229' title='bbox 478 2399 529 2470; x_wconf 91' lang='lat' dir='ltr'>qui</span> <span class='ocrx_word' id='word_1_230' title='bbox 546 2399 662 2470; x_wconf 91' lang='lat' dir='ltr'>primus</span> <span class='ocrx_word' id='word_1_231' title='bbox 673 2404 794 2470; x_wconf 91' lang='lat' dir='ltr'>putatus</span> <span class='ocrx_word' id='word_1_232' title='bbox 807 2406 851 2455; x_wconf 90' lang='lat' dir='ltr'>est</span> <span class='ocrx_word' id='word_1_233' title='bbox 866 2399 947 2471; x_wconf 91' lang='lat' dir='ltr'>apud</span> 
     </span>
     <span class='ocr_line' id='line_1_33' title="bbox 124 2469 949 2541; baseline 0.002 -18"><span class='ocrx_word' id='word_1_234' title='bbox 124 2484 205 2534; x_wconf 90' lang='lat' dir='ltr'>suos,</span> <span class='ocrx_word' id='word_1_235' title='bbox 222 2469 304 2540; x_wconf 91' lang='lat' dir='ltr'>quod</span> <span class='ocrx_word' id='word_1_236' title='bbox 315 2471 429 2525; x_wconf 87' lang='lat' dir='ltr'>ratione</span> <span class='ocrx_word' id='word_1_237' title='bbox 444 2469 570 2541; x_wconf 90' lang='lat' dir='ltr'>dignum</span> <span class='ocrx_word' id='word_1_238' title='bbox 585 2470 735 2526; x_wconf 88' lang='lat' dir='ltr'>visumest</span> <span class='ocrx_word' id='word_1_239' title='bbox 745 2477 884 2541; x_wconf 91' lang='lat' dir='ltr'>etaptum</span> <span class='ocrx_word' id='word_1_240' title='bbox 899 2471 949 2525; x_wconf 89' lang='lat' dir='ltr'>de·</span> 
     </span>
     <span class='ocr_line' id='line_1_34' title="bbox 122 2540 948 2614; baseline 0.001 -18"><span class='ocrx_word' id='word_1_241' title='bbox 122 2540 193 2606; x_wconf 90' lang='lat' dir='ltr'>cori,</span> <span class='ocrx_word' id='word_1_242' title='bbox 206 2541 306 2595; x_wconf 86' lang='lat' dir='ltr'>statuit</span> <span class='ocrx_word' id='word_1_243' title='bbox 315 2540 425 2613; x_wconf 91' lang='lat' dir='ltr'>quibus</span> <span class='ocrx_word' id='word_1_244' title='bbox 435 2547 566 2612; x_wconf 77' lang='lat' dir='ltr'>preerat.</span> <span class='ocrx_word' id='word_1_245' title='bbox 579 2541 649 2596; x_wconf 92' lang='lat' dir='ltr'>lndc</span> <span class='ocrx_word' id='word_1_246' title='bbox 663 2557 851 2614; x_wconf 75' lang='lat' dir='ltr'>unaqueque</span> <span class='ocrx_word' id='word_1_247' title='bbox 866 2542 948 2610; x_wconf 88' lang='lat' dir='ltr'>regio</span> 
     </span>
     <span class='ocr_line' id='line_1_35' title="bbox 121 2611 949 2683; baseline 0.006 -19"><span class='ocrx_word' id='word_1_248' title='bbox 121 2611 170 2665; x_wconf 85' lang='lat' dir='ltr'>vcl</span> <span class='ocrx_word' id='word_1_249' title='bbox 183 2626 256 2680; x_wconf 91' lang='lat' dir='ltr'>gens</span> <span class='ocrx_word' id='word_1_250' title='bbox 272 2613 392 2682; x_wconf 90' lang='lat' dir='ltr'>propria</span> <span class='ocrx_word' id='word_1_251' title='bbox 415 2611 585 2683; x_wconf 76' lang='lat' dir='ltr'>habetque</span> <span class='ocrx_word' id='word_1_252' title='bbox 600 2618 704 2667; x_wconf 84' lang='lat' dir='ltr'>servet.</span> <span class='ocrx_word' id='word_1_253' title='bbox 722 2614 801 2669; x_wconf 89' lang='lat' dir='ltr'>Sicut</span> <span class='ocrx_word' id='word_1_254' title='bbox 817 2613 904 2669; x_wconf 89' lang='lat' dir='ltr'>Solon</span> <span class='ocrx_word' id='word_1_255' title='bbox 920 2617 949 2669; x_wconf 89' lang='lat' dir='ltr'>et</span> 
     </span>
     <span class='ocr_line' id='line_1_36' title="bbox 123 2683 947 2755; baseline 0.001 -18"><span class='ocrx_word' id='word_1_256' title='bbox 123 2683 277 2755; x_wconf 85' lang='lat' dir='ltr'>Lycurgus</span> <span class='ocrx_word' id='word_1_257' title='bbox 291 2683 384 2738; x_wconf 92' lang='lat' dir='ltr'>multa</span> <span class='ocrx_word' id='word_1_258' title='bbox 393 2687 630 2754; x_wconf 74' lang='lat' dir='ltr'>statueruntque</span> <span class='ocrx_word' id='word_1_259' title='bbox 641 2683 772 2738; x_wconf 79' lang='lat' dir='ltr'>aGroecis</span> <span class='ocrx_word' id='word_1_260' title='bbox 780 2683 853 2753; x_wconf 91' lang='lat' dir='ltr'>legis</span> <span class='ocrx_word' id='word_1_261' title='bbox 866 2699 947 2739; x_wconf 92' lang='lat' dir='ltr'>more</span> 
     </span>
     <span class='ocr_line' id='line_1_37' title="bbox 124 2753 947 2825; baseline 0.005 -18"><span class='ocrx_word' id='word_1_262' title='bbox 124 2757 323 2819; x_wconf 83' lang='lat' dir='ltr'>servarentur,</span> <span class='ocrx_word' id='word_1_263' title='bbox 339 2753 558 2825; x_wconf 82' lang='lat' dir='ltr'>quaepaulatim</span> <span class='ocrx_word' id='word_1_264' title='bbox 571 2753 725 2808; x_wconf 90' lang='lat' dir='ltr'>deliciente</span> <span class='ocrx_word' id='word_1_265' title='bbox 740 2769 833 2824; x_wconf 92' lang='lat' dir='ltr'>regno</span> <span class='ocrx_word' id='word_1_266' title='bbox 843 2770 947 2810; x_wconf 91' lang='lat' dir='ltr'>eorum</span> 
     </span>
     <span class='ocr_line' id='line_1_38' title="bbox 122 2823 947 2893; baseline 0.001 -13"><span class='ocrx_word' id='word_1_267' title='bbox 122 2823 293 2880; x_wconf 88' lang='lat' dir='ltr'>oblitterata</span> <span class='ocrx_word' id='word_1_268' title='bbox 318 2828 397 2877; x_wconf 90' lang='lat' dir='ltr'>sunt.</span> <span class='ocrx_word' id='word_1_269' title='bbox 418 2825 490 2878; x_wconf 85' lang='lat' dir='ltr'>Nam</span> <span class='ocrx_word' id='word_1_270' title='bbox 518 2824 639 2893; x_wconf 89' lang='lat' dir='ltr'>regibus</span> <span class='ocrx_word' id='word_1_271' title='bbox 658 2823 831 2881; x_wconf 81' lang='lat' dir='ltr'>ludaeorum</span> <span class='ocrx_word' id='word_1_272' title='bbox 860 2825 947 2881; x_wconf 79' lang='lat' dir='ltr'>mulas</span> 
     </span>
     <span class='ocr_line' id='line_1_39' title="bbox 123 2892 947 2967; baseline 0.005 -19"><span class='ocrx_word' id='word_1_273' title='bbox 123 2894 300 2967; x_wconf 89' lang='lat' dir='ltr'>placuerunt</span> <span class='ocrx_word' id='word_1_274' title='bbox 314 2892 351 2949; x_wconf 93' lang='lat' dir='ltr'>ad</span> <span class='ocrx_word' id='word_1_275' title='bbox 374 2909 513 2963; x_wconf 88' lang='lat' dir='ltr'>scssuvn;</span> <span class='ocrx_word' id='word_1_276' title='bbox 537 2897 743 2951; x_wconf 85' lang='lat' dir='ltr'>Romanorum</span> <span class='ocrx_word' id='word_1_277' title='bbox 768 2903 947 2954; x_wconf 88' lang='lat' dir='ltr'>autemnon</span> 
     </span>
     <span class='ocr_line' id='line_1_40' title="bbox 123 2964 948 3040; baseline 0.006 -21"><span class='ocrx_word' id='word_1_278' title='bbox 123 2964 224 3030; x_wconf 76' lang='lat' dir='ltr'>mula,</span> <span class='ocrx_word' id='word_1_279' title='bbox 240 2964 292 3019; x_wconf 91' lang='lat' dir='ltr'>sed</span> <span class='ocrx_word' id='word_1_280' title='bbox 307 2965 376 3037; x_wconf 91' lang='lat' dir='ltr'>equi</span> <span class='ocrx_word' id='word_1_281' title='bbox 395 2980 404 3030; x_wconf 91' lang='lat'><em>;</em></span> <span class='ocrx_word' id='word_1_282' title='bbox 427 2966 641 3022; x_wconf 88' lang='lat' dir='ltr'>Garamantum</span> <span class='ocrx_word' id='word_1_283' title='bbox 654 2971 766 3032; x_wconf 88' lang='lat' dir='ltr'>autem,</span> <span class='ocrx_word' id='word_1_284' title='bbox 786 2969 838 3040; x_wconf 92' lang='lat' dir='ltr'>qui</span> <span class='ocrx_word' id='word_1_285' title='bbox 854 2984 948 3040; x_wconf 89' lang='lat' dir='ltr'>snpra</span> 
     </span>
     <span class='ocr_line' id='line_1_41' title="bbox 123 3035 947 3110; baseline 0.007 -20"><span class='ocrx_word' id='word_1_286' title='bbox 123 3035 947 3110; x_wconf 82' lang='lat' dir='ltr'>TripolimAfrorumsunt,regibustavsriplacueruntad</span> 
     </span>
     <span class='ocr_line' id='line_1_42' title="bbox 122 3110 944 3178; baseline 0.007 -17"><span class='ocrx_word' id='word_1_287' title='bbox 122 3121 240 3162; x_wconf 88' lang='lat' dir='ltr'>sessum</span> <span class='ocrx_word' id='word_1_288' title='bbox 256 3125 263 3160; x_wconf 90' lang='lat'><strong>:</strong></span> <span class='ocrx_word' id='word_1_289' title='bbox 278 3110 434 3163; x_wconf 89' lang='lat' dir='ltr'>Persarum</span> <span class='ocrx_word' id='word_1_290' title='bbox 452 3124 523 3164; x_wconf 88' lang='lat' dir='ltr'>vern</span> <span class='ocrx_word' id='word_1_291' title='bbox 534 3123 619 3178; x_wconf 89' lang='lat' dir='ltr'>reges</span> <span class='ocrx_word' id='word_1_292' title='bbox 634 3110 778 3165; x_wconf 90' lang='lat' dir='ltr'>vehiculis</span> <span class='ocrx_word' id='word_1_293' title='bbox 793 3110 944 3178; x_wconf 85' lang='lat' dir='ltr'>feruntur;</span> 
     </span>
     <span class='ocr_line' id='line_1_43' title="bbox 122 3181 947 3253; baseline 0.005 -19"><span class='ocrx_word' id='word_1_294' title='bbox 122 3193 193 3234; x_wconf 91' lang='lat' dir='ltr'>nam</span> <span class='ocrx_word' id='word_1_295' title='bbox 208 3184 321 3234; x_wconf 88' lang='lat' dir='ltr'>veteres</span> <span class='ocrx_word' id='word_1_296' title='bbox 332 3194 417 3248; x_wconf 86' lang='lat' dir='ltr'>reges</span> <span class='ocrx_word' id='word_1_297' title='bbox 430 3181 595 3245; x_wconf 79' lang='lat' dir='ltr'>Persarum,</span> <span class='ocrx_word' id='word_1_298' title='bbox 612 3196 666 3236; x_wconf 90' lang='lat' dir='ltr'>nco</span> <span class='ocrx_word' id='word_1_299' title='bbox 682 3181 884 3238; x_wconf 88' lang='lat' dir='ltr'>videbantura</span> <span class='ocrx_word' id='word_1_300' title='bbox 895 3198 947 3253; x_wconf 93' lang='lat' dir='ltr'>po-</span> 
     </span>
     <span class='ocr_line' id='line_1_44' title="bbox 122 3250 947 3321; baseline 0.004 -17"><span class='ocrx_word' id='word_1_301' title='bbox 122 3250 203 3321; x_wconf 90' lang='lat' dir='ltr'>pulis</span> <span class='ocrx_word' id='word_1_302' title='bbox 219 3266 225 3304; x_wconf 93' lang='lat'>:</span> <span class='ocrx_word' id='word_1_303' title='bbox 242 3256 271 3305; x_wconf 91' lang='lat' dir='ltr'>ct</span> <span class='ocrx_word' id='word_1_304' title='bbox 283 3264 368 3319; x_wconf 87' lang='lat' dir='ltr'>reges</span> <span class='ocrx_word' id='word_1_305' title='bbox 379 3250 498 3306; x_wconf 84' lang='lat' dir='ltr'>Madian</span> <span class='ocrx_word' id='word_1_306' title='bbox 506 3252 630 3306; x_wconf 90' lang='lat' dir='ltr'>camelis</span> <span class='ocrx_word' id='word_1_307' title='bbox 641 3252 872 3309; x_wconf 85' lang='lat' dir='ltr'>delectanturad</span> <span class='ocrx_word' id='word_1_308' title='bbox 886 3271 947 3309; x_wconf 90' lang='lat' dir='ltr'>ses-</span> 
     </span>
     <span class='ocr_line' id='line_1_45' title="bbox 122 3321 945 3387; baseline 0.006 -12"><span class='ocrx_word' id='word_1_309' title='bbox 122 3336 202 3387; x_wconf 88' lang='lat' dir='ltr'>sum,</span> <span class='ocrx_word' id='word_1_310' title='bbox 217 3321 258 3376; x_wconf 90' lang='lat' dir='ltr'>ita</span> <span class='ocrx_word' id='word_1_311' title='bbox 274 3327 304 3376; x_wconf 93' lang='lat' dir='ltr'>ut</span> <span class='ocrx_word' id='word_1_312' title='bbox 319 3321 433 3377; x_wconf 88' lang='lat' dir='ltr'>etcolla</span> <span class='ocrx_word' id='word_1_313' title='bbox 448 3337 551 3377; x_wconf 90' lang='lat' dir='ltr'>eorum</span> <span class='ocrx_word' id='word_1_314' title='bbox 568 3323 665 3379; x_wconf 90' lang='lat' dir='ltr'>aureis</span> <span class='ocrx_word' id='word_1_315' title='bbox 690 3330 871 3380; x_wconf 88' lang='lat' dir='ltr'>exornentur</span> <span class='ocrx_word' id='word_1_316' title='bbox 887 3331 945 3380; x_wconf 90' lang='lat' dir='ltr'>tor·</span> 
     </span>
     <span class='ocr_line' id='line_1_46' title="bbox 120 3391 946 3464; baseline 0.006 -17"><span class='ocrx_word' id='word_1_317' title='bbox 120 3391 230 3464; x_wconf 93' lang='lat' dir='ltr'>quibus</span> <span class='ocrx_word' id='word_1_318' title='bbox 245 3391 480 3463; x_wconf 77' lang='lat' dir='ltr'>:etpervtlricam</span> <span class='ocrx_word' id='word_1_319' title='bbox 495 3393 588 3449; x_wconf 91' lang='lat' dir='ltr'>asinis</span> <span class='ocrx_word' id='word_1_320' title='bbox 601 3395 696 3463; x_wconf 88' lang='lat' dir='ltr'>magis</span> <span class='ocrx_word' id='word_1_321' title='bbox 708 3395 946 3452; x_wconf 87' lang='lat' dir='ltr'>voluntinsidere</span> 
     </span>
     <span class='ocr_line' id='line_1_47' title="bbox 121 3464 945 3537; baseline 0.005 -19"><span class='ocrx_word' id='word_1_322' title='bbox 121 3478 214 3535; x_wconf 90' lang='lat' dir='ltr'>quam</span> <span class='ocrx_word' id='word_1_323' title='bbox 229 3464 324 3536; x_wconf 88' lang='lat' dir='ltr'>equis.</span> <span class='ocrx_word' id='word_1_324' title='bbox 341 3464 414 3519; x_wconf 87' lang='lat' dir='ltr'>Cum</span> <span class='ocrx_word' id='word_1_325' title='bbox 428 3466 531 3520; x_wconf 91' lang='lat' dir='ltr'>omnia</span> <span class='ocrx_word' id='word_1_326' title='bbox 556 3465 667 3537; x_wconf 92' lang='lat' dir='ltr'>ubique</span> <span class='ocrx_word' id='word_1_327' title='bbox 681 3467 750 3534; x_wconf 90' lang='lat' dir='ltr'>sint,</span> <span class='ocrx_word' id='word_1_328' title='bbox 767 3482 827 3521; x_wconf 91' lang='lat' dir='ltr'>nnn</span> <span class='ocrx_word' id='word_1_329' title='bbox 843 3470 945 3523; x_wconf 87' lang='lat' dir='ltr'>tamen</span> 
     </span>
     <span class='ocr_line' id='line_1_48' title="bbox 120 3534 946 3610; baseline 0.006 -20"><span class='ocrx_word' id='word_1_330' title='bbox 120 3550 138 3590; x_wconf 92' lang='lat' dir='ltr'>o</span> <span class='ocrx_word' id='word_1_331' title='bbox 174 3535 224 3589; x_wconf 91' lang='lat' dir='ltr'>nia</span> <span class='ocrx_word' id='word_1_332' title='bbox 236 3534 378 3590; x_wconf 89' lang='lat' dir='ltr'>omnibus</span> <span class='ocrx_word' id='word_1_333' title='bbox 392 3536 523 3605; x_wconf 85' lang='lat' dir='ltr'>gratiosa</span> <span class='ocrx_word' id='word_1_334' title='bbox 539 3543 607 3591; x_wconf 92' lang='lat' dir='ltr'>sunt</span> <span class='ocrx_word' id='word_1_335' title='bbox 623 3554 629 3603; x_wconf 95' lang='lat'>;</span> <span class='ocrx_word' id='word_1_336' title='bbox 650 3538 721 3608; x_wconf 91' lang='lat' dir='ltr'>quia</span> <span class='ocrx_word' id='word_1_337' title='bbox 737 3539 946 3610; x_wconf 90' lang='lat' dir='ltr'>unusquisque</span> 
     </span>
     <span class='ocr_line' id='line_1_49' title="bbox 124 3604 945 3686; baseline 0.006 -25"><span class='ocrx_word' id='word_1_338' title='bbox 124 3604 202 3674; x_wconf 86' lang='lat' dir='ltr'>eligit</span> <span class='ocrx_word' id='word_1_339' title='bbox 215 3605 298 3686; x_wconf 91' lang='lat' dir='ltr'>quod</span> <span class='ocrx_word' id='word_1_340' title='bbox 311 3608 408 3674; x_wconf 86' lang='lat' dir='ltr'>magis</span> <span class='ocrx_word' id='word_1_341' title='bbox 421 3606 503 3678; x_wconf 93' lang='lat' dir='ltr'>apud</span> <span class='ocrx_word' id='word_1_342' title='bbox 512 3606 594 3662; x_wconf 93' lang='lat' dir='ltr'>illum</span> <span class='ocrx_word' id='word_1_343' title='bbox 604 3607 713 3664; x_wconf 88' lang='lat' dir='ltr'>babeat</span> <span class='ocrx_word' id='word_1_344' title='bbox 722 3610 859 3677; x_wconf 86' lang='lat' dir='ltr'>gratiam.</span> <span class='ocrx_word' id='word_1_345' title='bbox 873 3613 945 3666; x_wconf 86' lang='lat' dir='ltr'>Nam</span> 
     </span>
     <span class='ocr_line' id='line_1_50' title="bbox 121 3675 946 3748; baseline 0.008 -18"><span class='ocrx_word' id='word_1_346' title='bbox 121 3682 149 3732; x_wconf 90' lang='lat' dir='ltr'>et</span> <span class='ocrx_word' id='word_1_347' title='bbox 166 3675 252 3731; x_wconf 79' lang='lat' dir='ltr'>nubis</span> <span class='ocrx_word' id='word_1_348' title='bbox 267 3676 467 3748; x_wconf 89' lang='lat' dir='ltr'>ipsisdiversa</span> <span class='ocrx_word' id='word_1_349' title='bbox 477 3677 616 3734; x_wconf 88' lang='lat' dir='ltr'>voluntas</span> <span class='ocrx_word' id='word_1_350' title='bbox 626 3685 680 3744; x_wconf 91' lang='lat' dir='ltr'>est,</span> <span class='ocrx_word' id='word_1_351' title='bbox 690 3680 754 3735; x_wconf 88' lang='lat' dir='ltr'>etin</span> <span class='ocrx_word' id='word_1_352' title='bbox 766 3680 946 3748; x_wconf 90' lang='lat' dir='ltr'>vestibus‚et</span> 
     </span>
     <span class='ocr_line' id='line_1_51' title="bbox 121 3747 945 3822; baseline 0.01 -21"><span class='ocrx_word' id='word_1_353' title='bbox 121 3747 152 3801; x_wconf 94' lang='lat' dir='ltr'>in</span> <span class='ocrx_word' id='word_1_354' title='bbox 168 3747 252 3811; x_wconf 92' lang='lat' dir='ltr'>cibis,</span> <span class='ocrx_word' id='word_1_355' title='bbox 262 3754 290 3803; x_wconf 91' lang='lat' dir='ltr'>et</span> <span class='ocrx_word' id='word_1_356' title='bbox 302 3749 330 3802; x_wconf 91' lang='lat' dir='ltr'>iu</span> <span class='ocrx_word' id='word_1_357' title='bbox 344 3756 450 3803; x_wconf 75' lang='lat' dir='ltr'>cratero</span> <span class='ocrx_word' id='word_1_358' title='bbox 461 3765 526 3817; x_wconf 90' lang='lat' dir='ltr'>usu,</span> <span class='ocrx_word' id='word_1_359' title='bbox 540 3757 568 3803; x_wconf 88' lang='lat' dir='ltr'>et</span> <span class='ocrx_word' id='word_1_360' title='bbox 578 3749 608 3804; x_wconf 90' lang='lat' dir='ltr'>in</span> <span class='ocrx_word' id='word_1_361' title='bbox 618 3752 846 3822; x_wconf 87' lang='lat' dir='ltr'>ipsasententia.</span> <span class='ocrx_word' id='word_1_362' title='bbox 859 3753 945 3817; x_wconf 85' lang='lat' dir='ltr'>Quod</span> 
     </span>
     <span class='ocr_line' id='line_1_52' title="bbox 120 3818 943 3890; baseline 0.006 -17"><span class='ocrx_word' id='word_1_363' title='bbox 120 3832 158 3873; x_wconf 90' lang='lat' dir='ltr'>ue</span> <span class='ocrx_word' id='word_1_364' title='bbox 170 3818 221 3873; x_wconf 90' lang='lat' dir='ltr'>lati</span> <span class='ocrx_word' id='word_1_365' title='bbox 237 3818 339 3873; x_wconf 90' lang='lat' dir='ltr'>dicant</span> <span class='ocrx_word' id='word_1_366' title='bbox 348 3821 399 3889; x_wconf 94' lang='lat' dir='ltr'>qui</span> <span class='ocrx_word' id='word_1_367' title='bbox 415 3820 576 3876; x_wconf 89' lang='lat' dir='ltr'>multorum</span> <span class='ocrx_word' id='word_1_368' title='bbox 592 3821 710 3878; x_wconf 84' lang='lat' dir='ltr'>diversa</span> <span class='ocrx_word' id='word_1_369' title='bbox 723 3828 860 3879; x_wconf 90' lang='lat' dir='ltr'>asserunt</span> <span class='ocrx_word' id='word_1_370' title='bbox 874 3824 943 3890; x_wconf 86' lang='lat' dir='ltr'>lata,</span> 
     </span>
     <span class='ocr_line' id='line_1_53' title="bbox 121 3887 946 3963; baseline 0.012 -22"><span class='ocrx_word' id='word_1_371' title='bbox 121 3887 186 3942; x_wconf 71' lang='lat' dir='ltr'>haec</span> <span class='ocrx_word' id='word_1_372' title='bbox 202 3904 248 3943; x_wconf 93' lang='lat' dir='ltr'>res</span> <span class='ocrx_word' id='word_1_373' title='bbox 261 3889 379 3958; x_wconf 88' lang='lat' dir='ltr'>probat,</span> <span class='ocrx_word' id='word_1_374' title='bbox 390 3891 461 3962; x_wconf 88' lang='lat' dir='ltr'>quia</span> <span class='ocrx_word' id='word_1_375' title='bbox 471 3891 639 3963; x_wconf 82' lang='lat' dir='ltr'>frequenter</span> <span class='ocrx_word' id='word_1_376' title='bbox 654 3898 785 3950; x_wconf 89' lang='lat' dir='ltr'>mutatur</span> <span class='ocrx_word' id='word_1_377' title='bbox 800 3894 887 3950; x_wconf 91' lang='lat' dir='ltr'>nobis</span> <span class='ocrx_word' id='word_1_378' title='bbox 898 3911 946 3951; x_wconf 93' lang='lat' dir='ltr'>vo-</span> 
     </span>
     <span class='ocr_line' id='line_1_54' title="bbox 121 3958 943 4037; baseline 0.012 -25"><span class='ocrx_word' id='word_1_379' title='bbox 121 3958 943 4037; x_wconf 74' lang='lat' dir='ltr'>luntas.Qucdenimdiuamavimus,posteadisplicet3</span> 
     </span>
     <span class='ocr_line' id='line_1_55' title="bbox 119 4028 945 4116; baseline 0.01 -32"><span class='ocrx_word' id='word_1_380' title='bbox 119 4035 148 4084; x_wconf 89' lang='lat' dir='ltr'>ct</span> <span class='ocrx_word' id='word_1_381' title='bbox 157 4028 445 4102; x_wconf 90' lang='lat' dir='ltr'>diligereincipimus</span> <span class='ocrx_word' id='word_1_382' title='bbox 456 4034 537 4105; x_wconf 93' lang='lat' dir='ltr'>quod</span> <span class='ocrx_word' id='word_1_383' title='bbox 552 4035 636 4116; x_wconf 88' lang='lat' dir='ltr'>prius</span> <span class='ocrx_word' id='word_1_384' title='bbox 648 4035 774 4090; x_wconf 89' lang='lat' dir='ltr'>libenter</span> <span class='ocrx_word' id='word_1_385' title='bbox 783 4051 843 4092; x_wconf 94' lang='lat' dir='ltr'>non</span> <span class='ocrx_word' id='word_1_386' title='bbox 854 4037 945 4092; x_wconf 92' lang='lat' dir='ltr'>habe-</span> 
     </span>
     <span class='ocr_line' id='line_1_56' title="bbox 120 4099 942 4167; baseline 0.007 -12"><span class='ocrx_word' id='word_1_387' title='bbox 120 4099 240 4167; x_wconf 88' lang='lat' dir='ltr'>bamus,</span> <span class='ocrx_word' id='word_1_388' title='bbox 254 4107 281 4157; x_wconf 91' lang='lat' dir='ltr'>et</span> <span class='ocrx_word' id='word_1_389' title='bbox 297 4101 599 4160; x_wconf 84' lang='lat' dir='ltr'>iactaconsuctudvne</span> <span class='ocrx_word' id='word_1_390' title='bbox 613 4105 760 4162; x_wconf 89' lang='lat' dir='ltr'>immutati</span> <span class='ocrx_word' id='word_1_391' title='bbox 773 4124 942 4163; x_wconf 87' lang='lat' dir='ltr'>manemus.</span> 
     </span>
     <span class='ocr_line' id='line_1_57' title="bbox 121 4173 944 4251; baseline 0.011 -24"><span class='ocrx_word' id='word_1_392' title='bbox 121 4173 262 4228; x_wconf 79' lang='lat' dir='ltr'>Ordinem</span> <span class='ocrx_word' id='word_1_393' title='bbox 279 4180 378 4229; x_wconf 78' lang='lat' dir='ltr'>evitem</span> <span class='ocrx_word' id='word_1_394' title='bbox 395 4175 529 4230; x_wconf 88' lang='lat' dir='ltr'>sidicunt</span> <span class='ocrx_word' id='word_1_395' title='bbox 545 4191 610 4231; x_wconf 90' lang='lat' dir='ltr'>csse</span> <span class='ocrx_word' id='word_1_396' title='bbox 625 4177 765 4243; x_wconf 87' lang='lat' dir='ltr'>latorum,</span> <span class='ocrx_word' id='word_1_397' title='bbox 779 4185 809 4233; x_wconf 98' lang='grc' dir='ltr'>ιιι</span> <span class='ocrx_word' id='word_1_398' title='bbox 820 4179 858 4234; x_wconf 93' lang='lat' dir='ltr'>sit</span> <span class='ocrx_word' id='word_1_399' title='bbox 870 4180 944 4251; x_wconf 88' lang='lat' dir='ltr'>qvvid</span> 
     </span>
     <span class='ocr_line' id='line_1_58' title="bbox 119 4243 943 4320; baseline 0.01 -22"><span class='ocrx_word' id='word_1_400' title='bbox 119 4245 232 4314; x_wconf 89' lang='lat' dir='ltr'>quibus</span> <span class='ocrx_word' id='word_1_401' title='bbox 246 4243 379 4301; x_wconf 84' lang='lat' dir='ltr'>efficiant</span> <span class='ocrx_word' id='word_1_402' title='bbox 406 4246 591 4317; x_wconf 87' lang='lat' dir='ltr'>temporibus</span> <span class='ocrx_word' id='word_1_403' title='bbox 606 4265 657 4320; x_wconf 89' lang='lat' dir='ltr'>per</span> <span class='ocrx_word' id='word_1_404' title='bbox 676 4249 832 4305; x_wconf 87' lang='lat' dir='ltr'>intervalla</span> <span class='ocrx_word' id='word_1_405' title='bbox 848 4266 943 4306; x_wconf 90' lang='lat' dir='ltr'>recur-</span> 
     </span>
     <span class='ocr_line' id='line_1_59' title="bbox 118 4316 944 4390; baseline 0.008 -20"><span class='ocrx_word' id='word_1_406' title='bbox 118 4316 214 4370; x_wconf 89' lang='lat' dir='ltr'>rentia</span> <span class='ocrx_word' id='word_1_407' title='bbox 226 4317 360 4387; x_wconf 81' lang='lat' dir='ltr'>pristina,</span> <span class='ocrx_word' id='word_1_408' title='bbox 376 4322 405 4371; x_wconf 92' lang='lat' dir='ltr'>ut</span> <span class='ocrx_word' id='word_1_409' title='bbox 420 4318 581 4390; x_wconf 89' lang='lat' dir='ltr'>putaqucd</span> <span class='ocrx_word' id='word_1_410' title='bbox 598 4319 685 4376; x_wconf 89' lang='lat' dir='ltr'>hodie</span> <span class='ocrx_word' id='word_1_411' title='bbox 699 4320 821 4386; x_wconf 87' lang='lat' dir='ltr'>iaciunt,</span> <span class='ocrx_word' id='word_1_412' title='bbox 837 4321 944 4377; x_wconf 89' lang='lat' dir='ltr'>iterum</span> 
     </span>
     <span class='ocr_line' id='line_1_60' title="bbox 120 4385 945 4458; baseline 0.008 -17"><span class='ocrx_word' id='word_1_413' title='bbox 120 4385 230 4442; x_wconf 85' lang='lat' dir='ltr'>faciant</span> <span class='ocrx_word' id='word_1_414' title='bbox 243 4393 310 4458; x_wconf 91' lang='lat' dir='ltr'>post</span> <span class='ocrx_word' id='word_1_415' title='bbox 326 4394 462 4458; x_wconf 89' lang='lat' dir='ltr'>tempus:</span> <span class='ocrx_word' id='word_1_416' title='bbox 479 4391 634 4448; x_wconf 91' lang='lat' dir='ltr'>nonenim</span> <span class='ocrx_word' id='word_1_417' title='bbox 661 4391 690 4447; x_wconf 95' lang='lat' dir='ltr'>in</span> <span class='ocrx_word' id='word_1_418' title='bbox 724 4407 784 4447; x_wconf 92' lang='lat' dir='ltr'>uno</span> <span class='ocrx_word' id='word_1_419' title='bbox 806 4392 945 4448; x_wconf 87' lang='lat' dir='ltr'>dicuntur</span> 
     </span>
     <span class='ocr_line' id='line_1_61' title="bbox 119 4459 943 4531; baseline 0.01 -19"><span class='ocrx_word' id='word_1_420' title='bbox 119 4473 252 4513; x_wconf 88' lang='lat' dir='ltr'>manere.</span> <span class='ocrx_word' id='word_1_421' title='bbox 270 4461 343 4514; x_wconf 89' lang='lat' dir='ltr'>Nam</span> <span class='ocrx_word' id='word_1_422' title='bbox 364 4475 418 4531; x_wconf 88' lang='lat' dir='ltr'>per</span> <span class='ocrx_word' id='word_1_423' title='bbox 432 4459 621 4531; x_wconf 78' lang='lat' dir='ltr'>disciplinam</span> <span class='ocrx_word' id='word_1_424' title='bbox 643 4468 670 4517; x_wconf 90' lang='lat' dir='ltr'>et</span> <span class='ocrx_word' id='word_1_425' title='bbox 694 4464 943 4520; x_wconf 83' lang='lat' dir='ltr'>consuetudinem</span> 
     </span>
     <span class='ocr_line' id='line_1_62' title="bbox 119 4529 943 4590; baseline 0.007 -7"><span class='ocrx_word' id='word_1_426' title='bbox 119 4529 286 4584; x_wconf 89' lang='lat' dir='ltr'>vincuntur.</span> <span class='ocrx_word' id='word_1_427' title='bbox 303 4530 470 4586; x_wconf 79' lang='lat' dir='ltr'>ldulieribus</span> <span class='ocrx_word' id='word_1_428' title='bbox 487 4533 594 4588; x_wconf 89' lang='lat' dir='ltr'>etenim</span> <span class='ocrx_word' id='word_1_429' title='bbox 615 4537 818 4590; x_wconf 86' lang='lat' dir='ltr'>Rornanorum</span> <span class='ocrx_word' id='word_1_430' title='bbox 842 4534 943 4590; x_wconf 92' lang='lat' dir='ltr'>mullis</span> 
     </span>
     <span class='ocr_line' id='line_1_63' title="bbox 119 4600 944 4678; baseline 0.01 -24"><span class='ocrx_word' id='word_1_431' title='bbox 119 4600 304 4670; x_wconf 88' lang='lat' dir='ltr'>temporibus</span> <span class='ocrx_word' id='word_1_432' title='bbox 324 4602 385 4656; x_wconf 88' lang='lat' dir='ltr'>vini</span> <span class='ocrx_word' id='word_1_433' title='bbox 402 4618 473 4658; x_wconf 92' lang='lat' dir='ltr'>usus</span> <span class='ocrx_word' id='word_1_434' title='bbox 498 4603 666 4673; x_wconf 88' lang='lat' dir='ltr'>incognitus</span> <span class='ocrx_word' id='word_1_435' title='bbox 693 4604 758 4661; x_wconf 87' lang='lat' dir='ltr'>fuit.</span> <span class='ocrx_word' id='word_1_436' title='bbox 783 4606 944 4678; x_wconf 86' lang='lat' dir='ltr'>Disciplina</span> 
     </span>
     <span class='ocr_line' id='line_1_64' title="bbox 117 4669 942 4751; baseline 0.012 -28"><span class='ocrx_word' id='word_1_437' title='bbox 117 4669 942 4751; x_wconf 74' lang='lat' dir='ltr'>enimlactaconsuetudincconfirmavitsensumsuum,</span> 
     </span>
     <span class='ocr_line' id='line_1_65' title="bbox 119 4743 942 4820; baseline 0.012 -26"><span class='ocrx_word' id='word_1_438' title='bbox 119 4743 388 4813; x_wconf 87' lang='lat' dir='ltr'>utretrneretquod</span> <span class='ocrx_word' id='word_1_439' title='bbox 404 4748 546 4814; x_wconf 88' lang='lat' dir='ltr'>prodesse</span> <span class='ocrx_word' id='word_1_440' title='bbox 558 4746 710 4803; x_wconf 90' lang='lat' dir='ltr'>didicerat.</span> <span class='ocrx_word' id='word_1_441' title='bbox 728 4748 876 4820; x_wconf 88' lang='lat' dir='ltr'>Numquid</span> <span class='ocrx_word' id='word_1_442' title='bbox 885 4749 942 4804; x_wconf 91' lang='lat' dir='ltr'>illis</span> 
     </span>
    </p>
   </div>
   <div class='ocr_carea' id='block_1_3' title="bbox 634 130 1292 206">
    <p class='ocr_par' dir='ltr' id='par_1_3' title="bbox 634 130 1292 206">
     <span class='ocr_line' id='line_1_66' title="bbox 634 130 1292 206; baseline -0.012 -11"><span class='ocrx_word' id='word_1_443' title='bbox 634 130 871 206; x_wconf 83' lang='lat' dir='ltr'><strong>QUAESTIONES</strong></span> <span class='ocrx_word' id='word_1_444' title='bbox 890 133 940 190; x_wconf 84' lang='lat' dir='ltr'>EX</span> <span class='ocrx_word' id='word_1_445' title='bbox 957 130 1129 201; x_wconf 72' lang='lat' dir='ltr'>brabone</span> <span class='ocrx_word' id='word_1_446' title='bbox 1148 131 1292 190; x_wconf 81' lang='lat' dir='ltr'>Mtxvlll.</span> 
     </span>
    </p>
   </div>
   <div class='ocr_carea' id='block_1_4' title="bbox 1760 127 1829 184">
    <p class='ocr_par' dir='ltr' id='par_1_4' title="bbox 1760 127 1829 184">
     <span class='ocr_line' id='line_1_67' title="bbox 1760 127 1829 184; baseline 0 0"><span class='ocrx_word' id='word_1_447' title='bbox 1760 127 1829 184; x_wconf 68' lang='grc'>2356</span> 
     </span>
    </p>
   </div>
   <div class='ocr_carea' id='block_1_5' title="bbox 996 250 1834 4822">
    <p class='ocr_par' dir='ltr' id='par_1_5' title="bbox 996 250 1834 2118">
     <span class='ocr_line' id='line_1_68' title="bbox 996 250 1825 329; baseline -0.007 -14"><span class='ocrx_word' id='word_1_448' title='bbox 996 274 1059 316; x_wconf 83' lang='grc' dir='ltr'>ιιοιι</span> <span class='ocrx_word' id='word_1_449' title='bbox 1071 258 1118 316; x_wconf 89' lang='lat' dir='ltr'>sit.</span> <span class='ocrx_word' id='word_1_450' title='bbox 1135 257 1191 315; x_wconf 91' lang='lat' dir='ltr'>Ubi</span> <span class='ocrx_word' id='word_1_451' title='bbox 1212 256 1293 313; x_wconf 89' lang='lat' dir='ltr'>enim</span> <span class='ocrx_word' id='word_1_452' title='bbox 1313 254 1470 329; x_wconf 85' lang='lat' dir='ltr'>disciplina</span> <span class='ocrx_word' id='word_1_453' title='bbox 1484 256 1537 322; x_wconf 89' lang='lat' dir='ltr'>est,</span> <span class='ocrx_word' id='word_1_454' title='bbox 1557 267 1621 310; x_wconf 89' lang='lat' dir='ltr'>non</span> <span class='ocrx_word' id='word_1_455' title='bbox 1645 254 1692 308; x_wconf 88' lang='lat' dir='ltr'>est</span> <span class='ocrx_word' id='word_1_456' title='bbox 1707 267 1716 317; x_wconf 79' lang='lat'><em>3</em></span> <span class='ocrx_word' id='word_1_457' title='bbox 1734 254 1764 308; x_wconf 89' lang='lat' dir='ltr'>et</span> <span class='ocrx_word' id='word_1_458' title='bbox 1778 250 1825 309; x_wconf 91' lang='lat' dir='ltr'>nbi</span> 
     </span>
     <span class='ocr_line' id='line_1_69' title="bbox 997 326 1825 404; baseline -0.007 -18"><span class='ocrx_word' id='word_1_459' title='bbox 997 329 1250 393; x_wconf 89' lang='lat' dir='ltr'>consuetudoest‚</span> <span class='ocrx_word' id='word_1_460' title='bbox 1263 334 1381 383; x_wconf 88' lang='lat' dir='ltr'>nonest</span> <span class='ocrx_word' id='word_1_461' title='bbox 1394 347 1403 399; x_wconf 78' lang='lat'>3</span> <span class='ocrx_word' id='word_1_462' title='bbox 1418 326 1602 383; x_wconf 90' lang='lat' dir='ltr'>etubicasus</span> <span class='ocrx_word' id='word_1_463' title='bbox 1613 328 1668 389; x_wconf 88' lang='lat' dir='ltr'>est,</span> <span class='ocrx_word' id='word_1_464' title='bbox 1683 338 1749 404; x_wconf 85' lang='lat' dir='ltr'>non</span> <span class='ocrx_word' id='word_1_465' title='bbox 1766 330 1825 380; x_wconf 83' lang='lat' dir='ltr'>cst:</span> 
     </span>
     <span class='ocr_line' id='line_1_70' title="bbox 998 397 1829 475; baseline -0.008 -17"><span class='ocrx_word' id='word_1_466' title='bbox 998 402 1048 458; x_wconf 92' lang='lat' dir='ltr'>ubi</span> <span class='ocrx_word' id='word_1_467' title='bbox 1061 410 1163 457; x_wconf 86' lang='lat' dir='ltr'>autem</span> <span class='ocrx_word' id='word_1_468' title='bbox 1179 400 1293 455; x_wconf 89' lang='lat' dir='ltr'>videtur</span> <span class='ocrx_word' id='word_1_469' title='bbox 1309 415 1384 464; x_wconf 84' lang='lat' dir='ltr'>esse,</span> <span class='ocrx_word' id='word_1_470' title='bbox 1404 399 1509 455; x_wconf 88' lang='lat' dir='ltr'>timore</span> <span class='ocrx_word' id='word_1_471' title='bbox 1527 397 1602 466; x_wconf 90' lang='lat' dir='ltr'>logis</span> <span class='ocrx_word' id='word_1_472' title='bbox 1619 402 1751 450; x_wconf 80' lang='lat' dir='ltr'>vincitur</span> <span class='ocrx_word' id='word_1_473' title='bbox 1772 411 1779 459; x_wconf 89' lang='grc'><strong>;</strong></span> <span class='ocrx_word' id='word_1_474' title='bbox 1797 402 1829 475; x_wconf 34' lang='grc' dir='ltr'>,ιι</span> 
     </span>
     <span class='ocr_line' id='line_1_71' title="bbox 997 470 1828 542; baseline -0.008 -14"><span class='ocrx_word' id='word_1_475' title='bbox 997 473 1177 529; x_wconf 90' lang='lat' dir='ltr'>libidnenim</span> <span class='ocrx_word' id='word_1_476' title='bbox 1193 470 1488 542; x_wconf 89' lang='lat' dir='ltr'>metucompescitur,</span> <span class='ocrx_word' id='word_1_477' title='bbox 1501 473 1531 525; x_wconf 91' lang='lat' dir='ltr'>et</span> <span class='ocrx_word' id='word_1_478' title='bbox 1542 473 1679 540; x_wconf 74' lang='lat' dir='ltr'>quaestus</span> <span class='ocrx_word' id='word_1_479' title='bbox 1693 482 1828 538; x_wconf 81' lang='lat' dir='ltr'>peccone</span> 
     </span>
     <span class='ocr_line' id='line_1_72' title="bbox 997 538 1827 617; baseline -0.008 -16"><span class='ocrx_word' id='word_1_480' title='bbox 997 552 1119 617; x_wconf 87' lang='lat' dir='ltr'>propter</span> <span class='ocrx_word' id='word_1_481' title='bbox 1132 543 1226 598; x_wconf 87' lang='lat' dir='ltr'>Deum</span> <span class='ocrx_word' id='word_1_482' title='bbox 1252 541 1486 615; x_wconf 87' lang='lat' dir='ltr'>promerendum</span> <span class='ocrx_word' id='word_1_483' title='bbox 1515 539 1705 612; x_wconf 87' lang='lat' dir='ltr'>repudiatur.</span> <span class='ocrx_word' id='word_1_484' title='bbox 1725 541 1757 592; x_wconf 93' lang='lat' dir='ltr'>ln</span> <span class='ocrx_word' id='word_1_485' title='bbox 1772 538 1827 594; x_wconf 87' lang='lat' dir='ltr'>hac</span> 
     </span>
     <span class='ocr_line' id='line_1_73' title="bbox 997 612 1828 687; baseline -0.007 -16"><span class='ocrx_word' id='word_1_486' title='bbox 997 632 1068 685; x_wconf 87' lang='lat' dir='ltr'>ergo</span> <span class='ocrx_word' id='word_1_487' title='bbox 1083 621 1165 687; x_wconf 88' lang='lat' dir='ltr'>parte</span> <span class='ocrx_word' id='word_1_488' title='bbox 1179 615 1280 685; x_wconf 88' lang='lat' dir='ltr'>negari</span> <span class='ocrx_word' id='word_1_489' title='bbox 1297 629 1357 669; x_wconf 90' lang='lat' dir='ltr'>non</span> <span class='ocrx_word' id='word_1_490' title='bbox 1374 619 1480 685; x_wconf 87' lang='lat' dir='ltr'>potest,</span> <span class='ocrx_word' id='word_1_491' title='bbox 1496 612 1641 683; x_wconf 90' lang='lat' dir='ltr'>quianon</span> <span class='ocrx_word' id='word_1_492' title='bbox 1658 615 1759 681; x_wconf 86' lang='lat' dir='ltr'>potest</span> <span class='ocrx_word' id='word_1_493' title='bbox 1772 624 1828 665; x_wconf 91' lang='lat' dir='ltr'>non</span> 
     </span>
     <span class='ocr_line' id='line_1_74' title="bbox 997 681 1831 768; baseline -0.008 -25"><span class='ocrx_word' id='word_1_494' title='bbox 997 703 1063 743; x_wconf 73' lang='lat' dir='ltr'>esse</span> <span class='ocrx_word' id='word_1_495' title='bbox 1082 687 1163 768; x_wconf 90' lang='lat' dir='ltr'>quod</span> <span class='ocrx_word' id='word_1_496' title='bbox 1181 685 1330 742; x_wconf 81' lang='lat' dir='ltr'>vincitur:</span> <span class='ocrx_word' id='word_1_497' title='bbox 1347 691 1375 740; x_wconf 91' lang='lat' dir='ltr'>et</span> <span class='ocrx_word' id='word_1_498' title='bbox 1389 690 1490 740; x_wconf 72' lang='lat' dir='ltr'>umen</span> <span class='ocrx_word' id='word_1_499' title='bbox 1503 688 1580 738; x_wconf 89' lang='lat' dir='ltr'>recte</span> <span class='ocrx_word' id='word_1_500' title='bbox 1600 686 1705 752; x_wconf 92' lang='lat' dir='ltr'>potest</span> <span class='ocrx_word' id='word_1_501' title='bbox 1730 681 1831 736; x_wconf 79' lang='lat' dir='ltr'>dictet</span> 
     </span>
     <span class='ocr_line' id='line_1_75' title="bbox 997 753 1830 829; baseline -0.008 -14"><span class='ocrx_word' id='word_1_502' title='bbox 997 760 1027 815; x_wconf 92' lang='lat' dir='ltr'>in</span> <span class='ocrx_word' id='word_1_503' title='bbox 1039 774 1073 813; x_wconf 89' lang='lat' dir='ltr'>eo</span> <span class='ocrx_word' id='word_1_504' title='bbox 1089 771 1158 829; x_wconf 89' lang='lat' dir='ltr'>rpsc</span> <span class='ocrx_word' id='word_1_505' title='bbox 1174 771 1234 812; x_wconf 92' lang='lat' dir='ltr'>non</span> <span class='ocrx_word' id='word_1_506' title='bbox 1246 772 1324 821; x_wconf 87' lang='lat' dir='ltr'>esse,</span> <span class='ocrx_word' id='word_1_507' title='bbox 1340 756 1412 828; x_wconf 89' lang='lat' dir='ltr'>quia</span> <span class='ocrx_word' id='word_1_508' title='bbox 1439 760 1521 811; x_wconf 88' lang='lat' dir='ltr'>caret</span> <span class='ocrx_word' id='word_1_509' title='bbox 1549 755 1733 809; x_wconf 87' lang='lat' dir='ltr'>auctoritate</span> <span class='ocrx_word' id='word_1_510' title='bbox 1748 753 1830 824; x_wconf 90' lang='lat' dir='ltr'>quod</span> 
     </span>
     <span class='ocr_line' id='line_1_76' title="bbox 997 826 1831 905; baseline -0.008 -20"><span class='ocrx_word' id='word_1_511' title='bbox 997 830 1135 885; x_wconf 92' lang='lat' dir='ltr'>vincitur.</span> <span class='ocrx_word' id='word_1_512' title='bbox 1152 832 1252 900; x_wconf 86' lang='lat' dir='ltr'>ltaque</span> <span class='ocrx_word' id='word_1_513' title='bbox 1269 829 1317 883; x_wconf 87' lang='lat' dir='ltr'>Dei</span> <span class='ocrx_word' id='word_1_514' title='bbox 1332 827 1430 897; x_wconf 87' lang='lat' dir='ltr'>legem</span> <span class='ocrx_word' id='word_1_515' title='bbox 1442 826 1493 899; x_wconf 92' lang='lat' dir='ltr'>qui</span> <span class='ocrx_word' id='word_1_516' title='bbox 1503 826 1688 897; x_wconf 91' lang='lat' dir='ltr'>sequitur,et</span> <span class='ocrx_word' id='word_1_517' title='bbox 1702 838 1831 905; x_wconf 78' lang='lat' dir='ltr'>consue·</span> 
     </span>
     <span class='ocr_line' id='line_1_77' title="bbox 998 896 1829 967; baseline -0.007 -11"><span class='ocrx_word' id='word_1_518' title='bbox 998 900 1132 957; x_wconf 88' lang='lat' dir='ltr'>tudinem</span> <span class='ocrx_word' id='word_1_519' title='bbox 1148 905 1227 955; x_wconf 93' lang='lat' dir='ltr'>tenet</span> <span class='ocrx_word' id='word_1_520' title='bbox 1242 898 1328 955; x_wconf 77' lang='lat' dir='ltr'>bonas</span> <span class='ocrx_word' id='word_1_521' title='bbox 1343 899 1420 963; x_wconf 72' lang='lat' dir='ltr'>vitre,</span> <span class='ocrx_word' id='word_1_522' title='bbox 1435 897 1504 954; x_wconf 91' lang='lat' dir='ltr'>buio</span> <span class='ocrx_word' id='word_1_523' title='bbox 1518 896 1632 952; x_wconf 87' lang='lat' dir='ltr'>cedunt</span> <span class='ocrx_word' id='word_1_524' title='bbox 1645 910 1753 951; x_wconf 82' lang='lat' dir='ltr'>omnia</span> <span class='ocrx_word' id='word_1_525' title='bbox 1764 911 1829 967; x_wconf 81' lang='lat' dir='ltr'>qua</span> 
     </span>
     <span class='ocr_line' id='line_1_78' title="bbox 997 966 1831 1041; baseline -0.007 -13"><span class='ocrx_word' id='word_1_526' title='bbox 997 973 1136 1028; x_wconf 91' lang='lat' dir='ltr'>dicuntur</span> <span class='ocrx_word' id='word_1_527' title='bbox 1149 972 1219 1027; x_wconf 85' lang='lat' dir='ltr'>iata.</span> <span class='ocrx_word' id='word_1_528' title='bbox 1235 973 1361 1027; x_wconf 83' lang='lat' dir='ltr'>Tantum</span> <span class='ocrx_word' id='word_1_529' title='bbox 1378 970 1457 1025; x_wconf 90' lang='lat' dir='ltr'>enim</span> <span class='ocrx_word' id='word_1_530' title='bbox 1470 974 1566 1041; x_wconf 89' lang='lat' dir='ltr'>potest</span> <span class='ocrx_word' id='word_1_531' title='bbox 1579 966 1784 1033; x_wconf 84' lang='lat' dir='ltr'>consuetudo,</span> <span class='ocrx_word' id='word_1_532' title='bbox 1801 974 1831 1023; x_wconf 91' lang='lat' dir='ltr'>ut</span> 
     </span>
     <span class='ocr_line' id='line_1_79' title="bbox 996 1037 1829 1113; baseline -0.01 -13"><span class='ocrx_word' id='word_1_533' title='bbox 996 1046 1088 1100; x_wconf 90' lang='lat' dir='ltr'>etiam</span> <span class='ocrx_word' id='word_1_534' title='bbox 1104 1043 1214 1099; x_wconf 91' lang='lat' dir='ltr'>bestias</span> <span class='ocrx_word' id='word_1_535' title='bbox 1232 1043 1353 1113; x_wconf 89' lang='lat' dir='ltr'>mitiget.</span> <span class='ocrx_word' id='word_1_536' title='bbox 1371 1044 1444 1098; x_wconf 84' lang='lat' dir='ltr'>Nam</span> <span class='ocrx_word' id='word_1_537' title='bbox 1474 1038 1552 1095; x_wconf 87' lang='lat' dir='ltr'>malo</span> <span class='ocrx_word' id='word_1_538' title='bbox 1564 1039 1666 1094; x_wconf 89' lang='lat' dir='ltr'>vivere</span> <span class='ocrx_word' id='word_1_539' title='bbox 1681 1037 1829 1103; x_wconf 88' lang='lat' dir='ltr'>volentes,</span> 
     </span>
     <span class='ocr_line' id='line_1_80' title="bbox 997 1109 1832 1188; baseline -0.007 -17"><span class='ocrx_word' id='word_1_540' title='bbox 997 1114 1053 1188; x_wconf 89' lang='lat' dir='ltr'>ipsi</span> <span class='ocrx_word' id='word_1_541' title='bbox 1065 1115 1121 1170; x_wconf 88' lang='lat' dir='ltr'>sibi</span> <span class='ocrx_word' id='word_1_542' title='bbox 1130 1113 1191 1170; x_wconf 89' lang='lat' dir='ltr'>iata</span> <span class='ocrx_word' id='word_1_543' title='bbox 1203 1116 1400 1169; x_wconf 87' lang='lat' dir='ltr'>constituunt.</span> <span class='ocrx_word' id='word_1_544' title='bbox 1418 1115 1471 1167; x_wconf 84' lang='lat' dir='ltr'>Per</span> <span class='ocrx_word' id='word_1_545' title='bbox 1484 1109 1634 1167; x_wconf 87' lang='lat' dir='ltr'>luxuriam</span> <span class='ocrx_word' id='word_1_546' title='bbox 1646 1110 1734 1165; x_wconf 91' lang='lat' dir='ltr'>euim</span> <span class='ocrx_word' id='word_1_547' title='bbox 1749 1116 1832 1165; x_wconf 80' lang='lat' dir='ltr'>etro</span> 
     </span>
     <span class='ocr_line' id='line_1_81' title="bbox 997 1181 1832 1259; baseline -0.007 -17"><span class='ocrx_word' id='word_1_548' title='bbox 997 1186 1142 1259; x_wconf 86' lang='lat' dir='ltr'>luptatem</span> <span class='ocrx_word' id='word_1_549' title='bbox 1154 1184 1186 1241; x_wconf 83' lang='lat' dir='ltr'>ut</span> <span class='ocrx_word' id='word_1_550' title='bbox 1200 1185 1431 1256; x_wconf 88' lang='lat' dir='ltr'>intemperantia</span> <span class='ocrx_word' id='word_1_551' title='bbox 1443 1189 1472 1239; x_wconf 93' lang='lat' dir='ltr'>et</span> <span class='ocrx_word' id='word_1_552' title='bbox 1487 1181 1680 1254; x_wconf 90' lang='lat' dir='ltr'>inquietudo,</span> <span class='ocrx_word' id='word_1_553' title='bbox 1694 1196 1769 1253; x_wconf 74' lang='lat' dir='ltr'>quae</span> <span class='ocrx_word' id='word_1_554' title='bbox 1783 1196 1832 1253; x_wconf 86' lang='lat' dir='ltr'>pa-</span> 
     </span>
     <span class='ocr_line' id='line_1_82' title="bbox 998 1251 1832 1314; baseline -0.008 0"><span class='ocrx_word' id='word_1_555' title='bbox 998 1260 1035 1314; x_wconf 90' lang='lat' dir='ltr'>rit</span> <span class='ocrx_word' id='word_1_556' title='bbox 1052 1256 1299 1313; x_wconf 86' lang='lat' dir='ltr'>incontinentiam</span> <span class='ocrx_word' id='word_1_557' title='bbox 1312 1261 1340 1310; x_wconf 87' lang='lat' dir='ltr'>et</span> <span class='ocrx_word' id='word_1_558' title='bbox 1351 1254 1553 1311; x_wconf 89' lang='lat' dir='ltr'>iracundiam.</span> <span class='ocrx_word' id='word_1_559' title='bbox 1568 1253 1745 1309; x_wconf 84' lang='lat' dir='ltr'>Etscientes</span> <span class='ocrx_word' id='word_1_560' title='bbox 1753 1251 1832 1308; x_wconf 85' lang='lat' dir='ltr'>istud</span> 
     </span>
     <span class='ocr_line' id='line_1_83' title="bbox 999 1324 1832 1402; baseline -0.007 -17"><span class='ocrx_word' id='word_1_561' title='bbox 999 1345 1090 1402; x_wconf 87' lang='lat' dir='ltr'>poena</span> <span class='ocrx_word' id='word_1_562' title='bbox 1113 1329 1252 1397; x_wconf 90' lang='lat' dir='ltr'>dignum,</span> <span class='ocrx_word' id='word_1_563' title='bbox 1269 1331 1300 1381; x_wconf 93' lang='lat' dir='ltr'>ut</span> <span class='ocrx_word' id='word_1_564' title='bbox 1324 1327 1474 1382; x_wconf 90' lang='lat' dir='ltr'>immunes</span> <span class='ocrx_word' id='word_1_565' title='bbox 1489 1341 1520 1381; x_wconf 87' lang='lat' dir='ltr'>se</span> <span class='ocrx_word' id='word_1_566' title='bbox 1537 1324 1664 1387; x_wconf 85' lang='lat' dir='ltr'>iaciant,</span> <span class='ocrx_word' id='word_1_567' title='bbox 1684 1324 1832 1394; x_wconf 86' lang='lat' dir='ltr'>pudorem</span> 
     </span>
     <span class='ocr_line' id='line_1_84' title="bbox 999 1395 1833 1472; baseline -0.007 -17"><span class='ocrx_word' id='word_1_568' title='bbox 999 1399 1079 1472; x_wconf 84' lang='lat' dir='ltr'>passi</span> <span class='ocrx_word' id='word_1_569' title='bbox 1093 1399 1159 1455; x_wconf 90' lang='lat' dir='ltr'>latis</span> <span class='ocrx_word' id='word_1_570' title='bbox 1172 1398 1356 1464; x_wconf 86' lang='lat' dir='ltr'>adscribunt,</span> <span class='ocrx_word' id='word_1_571' title='bbox 1372 1413 1440 1452; x_wconf 91' lang='lat' dir='ltr'>cum</span> <span class='ocrx_word' id='word_1_572' title='bbox 1457 1397 1493 1452; x_wconf 90' lang='lat' dir='ltr'>de</span> <span class='ocrx_word' id='word_1_573' title='bbox 1508 1396 1565 1451; x_wconf 90' lang='lat' dir='ltr'>hoc</span> <span class='ocrx_word' id='word_1_574' title='bbox 1579 1395 1833 1464; x_wconf 86' lang='lat' dir='ltr'>recogitantibus</span> 
     </span>
     <span class='ocr_line' id='line_1_85' title="bbox 1000 1466 1832 1542; baseline -0.008 -14"><span class='ocrx_word' id='word_1_575' title='bbox 1000 1470 1183 1542; x_wconf 87' lang='lat' dir='ltr'>adjutorium</span> <span class='ocrx_word' id='word_1_576' title='bbox 1197 1469 1308 1526; x_wconf 84' lang='lat' dir='ltr'>iaciant</span> <span class='ocrx_word' id='word_1_577' title='bbox 1321 1470 1475 1525; x_wconf 82' lang='lat' dir='ltr'>daemones</span> <span class='ocrx_word' id='word_1_578' title='bbox 1485 1469 1557 1540; x_wconf 91' lang='lat' dir='ltr'>quia</span> <span class='ocrx_word' id='word_1_579' title='bbox 1570 1471 1600 1522; x_wconf 92' lang='lat' dir='ltr'>et</span> <span class='ocrx_word' id='word_1_580' title='bbox 1610 1466 1672 1522; x_wconf 90' lang='lat' dir='ltr'>boc</span> <span class='ocrx_word' id='word_1_581' title='bbox 1685 1470 1832 1532; x_wconf 89' lang='lat' dir='ltr'>statuunt,</span> 
     </span>
     <span class='ocr_line' id='line_1_86' title="bbox 1002 1536 1834 1610; baseline -0.005 -13"><span class='ocrx_word' id='word_1_582' title='bbox 1002 1549 1032 1598; x_wconf 93' lang='lat' dir='ltr'>ut</span> <span class='ocrx_word' id='word_1_583' title='bbox 1047 1544 1124 1598; x_wconf 89' lang='lat' dir='ltr'>male</span> <span class='ocrx_word' id='word_1_584' title='bbox 1137 1542 1338 1610; x_wconf 79' lang='lat' dir='ltr'>cogitantibus</span> <span class='ocrx_word' id='word_1_585' title='bbox 1352 1540 1483 1596; x_wconf 89' lang='lat' dir='ltr'>tribuant</span> <span class='ocrx_word' id='word_1_586' title='bbox 1497 1537 1637 1594; x_wconf 79' lang='lat' dir='ltr'>effectum</span> <span class='ocrx_word' id='word_1_587' title='bbox 1652 1553 1660 1593; x_wconf 93' lang='lat'><strong>:</strong></span> <span class='ocrx_word' id='word_1_588' title='bbox 1680 1537 1755 1593; x_wconf 92' lang='lat' dir='ltr'>istos</span> <span class='ocrx_word' id='word_1_589' title='bbox 1774 1536 1834 1593; x_wconf 85' lang='lat' dir='ltr'>fate</span> 
     </span>
     <span class='ocr_line' id='line_1_87' title="bbox 1000 1609 1833 1685; baseline -0.006 -15"><span class='ocrx_word' id='word_1_590' title='bbox 1000 1614 1163 1685; x_wconf 90' lang='lat' dir='ltr'>appellant,</span> <span class='ocrx_word' id='word_1_591' title='bbox 1179 1612 1441 1681; x_wconf 86' lang='lat' dir='ltr'>nonintelligentes</span> <span class='ocrx_word' id='word_1_592' title='bbox 1453 1610 1524 1682; x_wconf 89' lang='lat' dir='ltr'>quia</span> <span class='ocrx_word' id='word_1_593' title='bbox 1540 1614 1611 1664; x_wconf 91' lang='lat' dir='ltr'>suut</span> <span class='ocrx_word' id='word_1_594' title='bbox 1624 1609 1764 1664; x_wconf 88' lang='lat' dir='ltr'>hominis</span> <span class='ocrx_word' id='word_1_595' title='bbox 1782 1609 1833 1665; x_wconf 91' lang='lat' dir='ltr'>ini·</span> 
     </span>
     <span class='ocr_line' id='line_1_88' title="bbox 1000 1681 1833 1757; baseline -0.002 -17"><span class='ocrx_word' id='word_1_596' title='bbox 1000 1686 1078 1740; x_wconf 89' lang='lat' dir='ltr'>mici.</span> <span class='ocrx_word' id='word_1_597' title='bbox 1094 1686 1204 1741; x_wconf 81' lang='lat' dir='ltr'>tiamsi</span> <span class='ocrx_word' id='word_1_598' title='bbox 1225 1700 1278 1757; x_wconf 89' lang='lat' dir='ltr'>per</span> <span class='ocrx_word' id='word_1_599' title='bbox 1293 1700 1400 1739; x_wconf 86' lang='lat' dir='ltr'>sensvvs</span> <span class='ocrx_word' id='word_1_600' title='bbox 1414 1698 1474 1738; x_wconf 92' lang='lat' dir='ltr'>non</span> <span class='ocrx_word' id='word_1_601' title='bbox 1488 1681 1699 1736; x_wconf 88' lang='lat' dir='ltr'>subintrarent</span> <span class='ocrx_word' id='word_1_602' title='bbox 1711 1688 1833 1751; x_wconf 85' lang='lat' dir='ltr'>peccata</span> 
     </span>
     <span class='ocr_line' id='line_1_89' title="bbox 1001 1754 1832 1822; baseline -0.006 -10"><span class='ocrx_word' id='word_1_603' title='bbox 1001 1758 1038 1813; x_wconf 91' lang='lat' dir='ltr'>ad</span> <span class='ocrx_word' id='word_1_604' title='bbox 1055 1757 1199 1822; x_wconf 88' lang='lat' dir='ltr'>animam,</span> <span class='ocrx_word' id='word_1_605' title='bbox 1212 1756 1264 1811; x_wconf 91' lang='lat' dir='ltr'>sed</span> <span class='ocrx_word' id='word_1_606' title='bbox 1274 1754 1312 1811; x_wconf 92' lang='lat' dir='ltr'>de</span> <span class='ocrx_word' id='word_1_607' title='bbox 1332 1755 1411 1809; x_wconf 87' lang='lat' dir='ltr'>intus</span> <span class='ocrx_word' id='word_1_608' title='bbox 1424 1758 1631 1817; x_wconf 89' lang='lat' dir='ltr'>nascerentur,</span> <span class='ocrx_word' id='word_1_609' title='bbox 1643 1757 1728 1807; x_wconf 87' lang='lat' dir='ltr'>recte</span> <span class='ocrx_word' id='word_1_610' title='bbox 1743 1768 1832 1808; x_wconf 87' lang='lat' dir='ltr'>omne</span> 
     </span>
     <span class='ocr_line' id='line_1_90' title="bbox 1000 1823 1832 1901; baseline -0.002 -19"><span class='ocrx_word' id='word_1_611' title='bbox 1000 1828 1081 1901; x_wconf 94' lang='lat' dir='ltr'>quod</span> <span class='ocrx_word' id='word_1_612' title='bbox 1117 1827 1310 1899; x_wconf 86' lang='lat' dir='ltr'>delinquitur,</span> <span class='ocrx_word' id='word_1_613' title='bbox 1337 1826 1466 1881; x_wconf 88' lang='lat' dir='ltr'>latorum</span> <span class='ocrx_word' id='word_1_614' title='bbox 1486 1839 1550 1879; x_wconf 91' lang='lat' dir='ltr'>esse</span> <span class='ocrx_word' id='word_1_615' title='bbox 1568 1823 1748 1878; x_wconf 85' lang='lat' dir='ltr'>videretur:</span> <span class='ocrx_word' id='word_1_616' title='bbox 1765 1840 1832 1880; x_wconf 92' lang='lat' dir='ltr'>cum</span> 
     </span>
     <span class='ocr_line' id='line_1_91' title="bbox 1001 1894 1832 1969; baseline -0.005 -14"><span class='ocrx_word' id='word_1_617' title='bbox 1001 1906 1101 1956; x_wconf 91' lang='lat' dir='ltr'>autem</span> <span class='ocrx_word' id='word_1_618' title='bbox 1117 1898 1246 1968; x_wconf 90' lang='lat' dir='ltr'>videant,</span> <span class='ocrx_word' id='word_1_619' title='bbox 1268 1914 1322 1969; x_wconf 89' lang='lat' dir='ltr'>per</span> <span class='ocrx_word' id='word_1_620' title='bbox 1340 1896 1437 1952; x_wconf 89' lang='lat' dir='ltr'>visum</span> <span class='ocrx_word' id='word_1_621' title='bbox 1455 1899 1485 1952; x_wconf 90' lang='lat' dir='ltr'>ct</span> <span class='ocrx_word' id='word_1_622' title='bbox 1497 1894 1636 1951; x_wconf 89' lang='lat' dir='ltr'>auditum</span> <span class='ocrx_word' id='word_1_623' title='bbox 1656 1901 1687 1949; x_wconf 92' lang='lat' dir='ltr'>ct</span> <span class='ocrx_word' id='word_1_624' title='bbox 1704 1910 1759 1965; x_wconf 88' lang='lat' dir='ltr'>per</span> <span class='ocrx_word' id='word_1_625' title='bbox 1770 1895 1832 1951; x_wconf 88' lang='lat' dir='ltr'>reli·</span> 
     </span>
     <span class='ocr_line' id='line_1_92' title="bbox 1001 1967 1832 2042; baseline -0.002 -17"><span class='ocrx_word' id='word_1_626' title='bbox 1001 1987 1078 2042; x_wconf 92' lang='lat' dir='ltr'>quos</span> <span class='ocrx_word' id='word_1_627' title='bbox 1102 1985 1209 2025; x_wconf 84' lang='lat' dir='ltr'>seusus</span> <span class='ocrx_word' id='word_1_628' title='bbox 1224 1969 1308 2025; x_wconf 90' lang='lat' dir='ltr'>nasci</span> <span class='ocrx_word' id='word_1_629' title='bbox 1335 1967 1610 2040; x_wconf 86' lang='lat' dir='ltr'>concupiscentiam</span> <span class='ocrx_word' id='word_1_630' title='bbox 1634 1972 1832 2036; x_wconf 88' lang='lat' dir='ltr'>peccatorum</span> 
     </span>
     <span class='ocr_line' id='line_1_93' title="bbox 1002 2036 1830 2118; baseline -0.002 -21"><span class='ocrx_word' id='word_1_631' title='bbox 1002 2040 1642 2112; x_wconf 75' lang='lat' dir='ltr'>(adjuvantibusinimicisquisuggesserunt</span> <span class='ocrx_word' id='word_1_632' title='bbox 1655 2036 1830 2118; x_wconf 78' lang='lat' dir='ltr'>faciendum</span> 
     </span>
    </p>

    <p class='ocr_par' dir='ltr' id='par_1_6' title="bbox 996 2109 1828 4822">
     <span class='ocr_line' id='line_1_94' title="bbox 1025 2109 1827 2180; baseline -0.001 -14"><span class='ocrx_word' id='word_1_633' title='bbox 1025 2112 1084 2168; x_wconf 92' lang='lat' dir='ltr'>uod</span> <span class='ocrx_word' id='word_1_634' title='bbox 1101 2113 1283 2168; x_wconf 91' lang='lat' dir='ltr'>contrarium</span> <span class='ocrx_word' id='word_1_635' title='bbox 1295 2116 1354 2176; x_wconf 86' lang='lat' dir='ltr'>est;</span> <span class='ocrx_word' id='word_1_636' title='bbox 1365 2109 1827 2180; x_wconf 87' lang='lat' dir='ltr'>etnonputaturquamdvuliat:</span> 
     </span>
     <span class='ocr_line' id='line_1_95' title="bbox 1001 2129 1828 2251; baseline -0.002 -12"><span class='ocrx_word' id='word_1_637' title='bbox 1001 2129 1087 2239; x_wconf 52' lang='lat' dir='ltr'>dulce</span> <span class='ocrx_word' id='word_1_638' title='bbox 1114 2183 1195 2240; x_wconf 87' lang='lat' dir='ltr'>enim</span> <span class='ocrx_word' id='word_1_639' title='bbox 1220 2183 1338 2239; x_wconf 87' lang='lat' dir='ltr'>videtur</span> <span class='ocrx_word' id='word_1_640' title='bbox 1359 2198 1425 2238; x_wconf 92' lang='lat' dir='ltr'>cum</span> <span class='ocrx_word' id='word_1_641' title='bbox 1450 2180 1492 2247; x_wconf 87' lang='lat' dir='ltr'>lit,</span> <span class='ocrx_word' id='word_1_642' title='bbox 1508 2187 1560 2237; x_wconf 88' lang='lat' dir='ltr'>aut</span> <span class='ocrx_word' id='word_1_643' title='bbox 1578 2185 1748 2251; x_wconf 85' lang='lat' dir='ltr'>antequam</span> <span class='ocrx_word' id='word_1_644' title='bbox 1764 2180 1828 2247; x_wconf 84' lang='lat' dir='ltr'>liat;</span> 
     </span>
     <span class='ocr_line' id='line_1_96' title="bbox 1001 2251 1828 2337; baseline -0.004 -27"><span class='ocrx_word' id='word_1_645' title='bbox 1001 2255 1165 2337; x_wconf 87' lang='lat' dir='ltr'>perfectum</span> <span class='ocrx_word' id='word_1_646' title='bbox 1181 2259 1486 2326; x_wconf 85' lang='lat' dir='ltr'>autemapparetesse</span> <span class='ocrx_word' id='word_1_647' title='bbox 1500 2251 1753 2324; x_wconf 86' lang='lat' dir='ltr'>amarum)‚qoid</span> <span class='ocrx_word' id='word_1_648' title='bbox 1766 2251 1828 2308; x_wconf 87' lang='lat' dir='ltr'>istis</span> 
     </span>
     <span class='ocr_line' id='line_1_97' title="bbox 1000 2322 1828 2398; baseline -0.004 -16"><span class='ocrx_word' id='word_1_649' title='bbox 1000 2326 1179 2398; x_wconf 80' lang='lat' dir='ltr'>imputanti</span> <span class='ocrx_word' id='word_1_650' title='bbox 1194 2327 1269 2392; x_wconf 85' lang='lat' dir='ltr'>Ouia</span> <span class='ocrx_word' id='word_1_651' title='bbox 1286 2331 1386 2381; x_wconf 89' lang='lat' dir='ltr'>autem</span> <span class='ocrx_word' id='word_1_652' title='bbox 1403 2330 1499 2396; x_wconf 88' lang='lat' dir='ltr'>potest</span> <span class='ocrx_word' id='word_1_653' title='bbox 1515 2322 1602 2388; x_wconf 92' lang='lat' dir='ltr'>vinci,</span> <span class='ocrx_word' id='word_1_654' title='bbox 1617 2322 1692 2378; x_wconf 89' lang='lat' dir='ltr'>hinc</span> <span class='ocrx_word' id='word_1_655' title='bbox 1707 2322 1828 2379; x_wconf 87' lang='lat' dir='ltr'>adverti·</span> 
     </span>
     <span class='ocr_line' id='line_1_98' title="bbox 1002 2393 1827 2475; baseline -0.005 -22"><span class='ocrx_word' id='word_1_656' title='bbox 1002 2415 1079 2453; x_wconf 89' lang='lat' dir='ltr'>mus.</span> <span class='ocrx_word' id='word_1_657' title='bbox 1095 2397 1300 2467; x_wconf 79' lang='lat' dir='ltr'>cogitantibus</span> <span class='ocrx_word' id='word_1_658' title='bbox 1314 2396 1423 2452; x_wconf 89' lang='lat' dir='ltr'>etenim</span> <span class='ocrx_word' id='word_1_659' title='bbox 1448 2394 1536 2452; x_wconf 90' lang='lat' dir='ltr'>nobis</span> <span class='ocrx_word' id='word_1_660' title='bbox 1562 2393 1654 2475; x_wconf 31' lang='lat' dir='ltr'>etde·</span> <span class='ocrx_word' id='word_1_661' title='bbox 1673 2393 1779 2475; x_wconf 82' lang='lat' dir='ltr'>aliqua</span> <span class='ocrx_word' id='word_1_662' title='bbox 1800 2410 1827 2449; x_wconf 84' lang='lat' dir='ltr'>re</span> 
     </span>
     <span class='ocr_line' id='line_1_99' title="bbox 1001 2464 1827 2538; baseline -0.004 -14"><span class='ocrx_word' id='word_1_663' title='bbox 1001 2469 1145 2534; x_wconf 92' lang='lat' dir='ltr'>sollicitis,</span> <span class='ocrx_word' id='word_1_664' title='bbox 1158 2469 1245 2524; x_wconf 89' lang='lat' dir='ltr'>silent</span> <span class='ocrx_word' id='word_1_665' title='bbox 1259 2469 1381 2533; x_wconf 91' lang='lat' dir='ltr'>inimici,</span> <span class='ocrx_word' id='word_1_666' title='bbox 1395 2471 1423 2524; x_wconf 93' lang='lat' dir='ltr'>et</span> <span class='ocrx_word' id='word_1_667' title='bbox 1437 2466 1623 2538; x_wconf 80' lang='lat' dir='ltr'>conquiescit</span> <span class='ocrx_word' id='word_1_668' title='bbox 1632 2464 1733 2522; x_wconf 85' lang='lat' dir='ltr'>lvbvdn</span> <span class='ocrx_word' id='word_1_669' title='bbox 1750 2479 1756 2518; x_wconf 95' lang='lat'><strong>:</strong></span> <span class='ocrx_word' id='word_1_670' title='bbox 1773 2482 1827 2521; x_wconf 91' lang='lat' dir='ltr'>non</span> 
     </span>
     <span class='ocr_line' id='line_1_100' title="bbox 1001 2536 1827 2665; baseline -0.004 -71"><span class='ocrx_word' id='word_1_671' title='bbox 1001 2541 1080 2596; x_wconf 92' lang='lat' dir='ltr'>enim</span> <span class='ocrx_word' id='word_1_672' title='bbox 1095 2546 1220 2611; x_wconf 85' lang='lat' dir='ltr'>possunt</span> <span class='ocrx_word' id='word_1_673' title='bbox 1230 2554 1389 2609; x_wconf 86' lang='lat' dir='ltr'>suggerere</span> <span class='ocrx_word' id='word_1_674' title='bbox 1401 2538 1554 2665; x_wconf 61' lang='lat' dir='ltr'>occuqoatis</span> <span class='ocrx_word' id='word_1_675' title='bbox 1565 2536 1666 2617; x_wconf 85' lang='lat' dir='ltr'>nobis.</span> <span class='ocrx_word' id='word_1_676' title='bbox 1679 2537 1827 2617; x_wconf 84' lang='lat' dir='ltr'>Numquid</span> 
     </span>
     <span class='ocr_line' id='line_1_101' title="bbox 1001 2607 1826 2691; baseline -0.004 -23"><span class='ocrx_word' id='word_1_677' title='bbox 1001 2610 1465 2691; x_wconf 88' lang='lat' dir='ltr'>aliquisadaliquamremalicui</span> <span class='ocrx_word' id='word_1_678' title='bbox 1492 2607 1826 2680; x_wconf 83' lang='lat' dir='ltr'>editoalvudsuggervti</span> 
     </span>
     <span class='ocr_line' id='line_1_102' title="bbox 1000 2679 1827 2751; baseline -0.004 -13"><span class='ocrx_word' id='word_1_679' title='bbox 1000 2684 1065 2738; x_wconf 90' lang='lat' dir='ltr'>Non</span> <span class='ocrx_word' id='word_1_680' title='bbox 1082 2682 1159 2748; x_wconf 91' lang='lat' dir='ltr'>lacit,</span> <span class='ocrx_word' id='word_1_681' title='bbox 1175 2698 1272 2739; x_wconf 80' lang='lat' dir='ltr'>sciens</span> <span class='ocrx_word' id='word_1_682' title='bbox 1285 2688 1337 2738; x_wconf 88' lang='lat' dir='ltr'>aut</span> <span class='ocrx_word' id='word_1_683' title='bbox 1352 2698 1384 2737; x_wconf 93' lang='lat' dir='ltr'>se</span> <span class='ocrx_word' id='word_1_684' title='bbox 1410 2697 1470 2738; x_wconf 92' lang='lat' dir='ltr'>non</span> <span class='ocrx_word' id='word_1_685' title='bbox 1487 2679 1596 2743; x_wconf 90' lang='lat' dir='ltr'>audiri,</span> <span class='ocrx_word' id='word_1_686' title='bbox 1623 2683 1680 2735; x_wconf 88' lang='lat' dir='ltr'>aut</span> <span class='ocrx_word' id='word_1_687' title='bbox 1701 2680 1827 2751; x_wconf 88' lang='lat' dir='ltr'>aporiari</span> 
     </span>
     <span class='ocr_line' id='line_1_103' title="bbox 1000 2749 1827 2831; baseline -0.004 -23"><span class='ocrx_word' id='word_1_688' title='bbox 1000 2755 1086 2826; x_wconf 90' lang='lat' dir='ltr'>quasi</span> <span class='ocrx_word' id='word_1_689' title='bbox 1100 2755 1270 2826; x_wconf 89' lang='lat' dir='ltr'>importune</span> <span class='ocrx_word' id='word_1_690' title='bbox 1284 2759 1503 2824; x_wconf 89' lang='lat' dir='ltr'>suggerentem.</span> <span class='ocrx_word' id='word_1_691' title='bbox 1520 2754 1563 2807; x_wconf 90' lang='lat' dir='ltr'>lta</span> <span class='ocrx_word' id='word_1_692' title='bbox 1582 2749 1741 2831; x_wconf 78' lang='lat' dir='ltr'>etinimici</span> <span class='ocrx_word' id='word_1_693' title='bbox 1755 2768 1827 2823; x_wconf 90' lang='lat' dir='ltr'>quos</span> 
     </span>
     <span class='ocr_line' id='line_1_104' title="bbox 1000 2821 1827 2890; baseline -0.001 -10"><span class='ocrx_word' id='word_1_694' title='bbox 1000 2831 1119 2881; x_wconf 87' lang='lat' dir='ltr'>constat</span> <span class='ocrx_word' id='word_1_695' title='bbox 1134 2842 1199 2880; x_wconf 92' lang='lat' dir='ltr'>csse</span> <span class='ocrx_word' id='word_1_696' title='bbox 1209 2825 1378 2890; x_wconf 59' lang='lat' dir='ltr'>daemonem</span> <span class='ocrx_word' id='word_1_697' title='bbox 1389 2821 1827 2890; x_wconf 84' lang='lat' dir='ltr'>iisuntenimdivl’aganorum‚</span> 
     </span>
     <span class='ocr_line' id='line_1_105' title="bbox 1000 2896 1827 2968; baseline -0.002 -16"><span class='ocrx_word' id='word_1_698' title='bbox 1000 2897 1088 2968; x_wconf 90' lang='lat' dir='ltr'>quisi</span> <span class='ocrx_word' id='word_1_699' title='bbox 1103 2896 1347 2952; x_wconf 87' lang='lat' dir='ltr'>viderintdivinis</span> <span class='ocrx_word' id='word_1_700' title='bbox 1360 2896 1450 2952; x_wconf 87' lang='lat' dir='ltr'>rebus</span> <span class='ocrx_word' id='word_1_701' title='bbox 1462 2911 1517 2951; x_wconf 86' lang='lat' dir='ltr'>nos</span> <span class='ocrx_word' id='word_1_702' title='bbox 1531 2901 1712 2964; x_wconf 89' lang='lat' dir='ltr'>occupatos,</span> <span class='ocrx_word' id='word_1_703' title='bbox 1728 2909 1789 2950; x_wconf 91' lang='lat' dir='ltr'>non</span> <span class='ocrx_word' id='word_1_704' title='bbox 1798 2909 1827 2950; x_wconf 82' lang='lat' dir='ltr'>se</span> 
     </span>
     <span class='ocr_line' id='line_1_106' title="bbox 1001 2964 1828 3046; baseline -0.005 -23"><span class='ocrx_word' id='word_1_705' title='bbox 1001 2968 1187 3039; x_wconf 81' lang='lat' dir='ltr'>ingeruntad</span> <span class='ocrx_word' id='word_1_706' title='bbox 1199 2967 1350 3024; x_wconf 90' lang='lat' dir='ltr'>contraria</span> <span class='ocrx_word' id='word_1_707' title='bbox 1372 2965 1581 3046; x_wconf 36' lang='lat' dir='ltr'>suggerenda..</span> <span class='ocrx_word' id='word_1_708' title='bbox 1595 2964 1649 3019; x_wconf 92' lang='lat' dir='ltr'>sed</span> <span class='ocrx_word' id='word_1_709' title='bbox 1667 2964 1699 3022; x_wconf 89' lang='lat' dir='ltr'>iu</span> <span class='ocrx_word' id='word_1_710' title='bbox 1716 2965 1828 3020; x_wconf 89' lang='lat' dir='ltr'>insidiis</span> 
     </span>
     <span class='ocr_line' id='line_1_107' title="bbox 1000 3037 1828 3112; baseline -0.002 -19"><span class='ocrx_word' id='word_1_711' title='bbox 1000 3045 1070 3095; x_wconf 90' lang='lat' dir='ltr'>sunt</span> <span class='ocrx_word' id='word_1_712' title='bbox 1082 3045 1248 3112; x_wconf 81' lang='lat' dir='ltr'>quaerentes</span> <span class='ocrx_word' id='word_1_713' title='bbox 1263 3039 1521 3109; x_wconf 81' lang='lat' dir='ltr'>occasionemque</span> <span class='ocrx_word' id='word_1_714' title='bbox 1535 3043 1727 3108; x_wconf 84' lang='lat' dir='ltr'>sevugerant.</span> <span class='ocrx_word' id='word_1_715' title='bbox 1743 3037 1828 3093; x_wconf 75' lang='lat' dir='ltr'>iloni·</span> 
     </span>
     <span class='ocr_line' id='line_1_108' title="bbox 1002 3107 1827 3180; baseline -0.004 -15"><span class='ocrx_word' id='word_1_716' title='bbox 1002 3117 1102 3167; x_wconf 91' lang='lat' dir='ltr'>menta</span> <span class='ocrx_word' id='word_1_717' title='bbox 1116 3125 1185 3180; x_wconf 82' lang='lat' dir='ltr'>ergo</span> <span class='ocrx_word' id='word_1_718' title='bbox 1200 3116 1271 3166; x_wconf 91' lang='lat' dir='ltr'>sunt</span> <span class='ocrx_word' id='word_1_719' title='bbox 1285 3111 1457 3166; x_wconf 84' lang='lat' dir='ltr'>animorum</span> <span class='ocrx_word' id='word_1_720' title='bbox 1465 3107 1827 3178; x_wconf 85' lang='lat' dir='ltr'>meditatioassidualagis</span> 
     </span>
     <span class='ocr_line' id='line_1_109' title="bbox 1001 3178 1827 3253; baseline -0.004 -15"><span class='ocrx_word' id='word_1_721' title='bbox 1001 3182 1050 3238; x_wconf 81' lang='lat' dir='ltr'>liei</span> <span class='ocrx_word' id='word_1_722' title='bbox 1066 3188 1094 3238; x_wconf 92' lang='lat' dir='ltr'>et</span> <span class='ocrx_word' id='word_1_723' title='bbox 1108 3182 1244 3253; x_wconf 90' lang='lat' dir='ltr'>operatio</span> <span class='ocrx_word' id='word_1_724' title='bbox 1260 3198 1267 3248; x_wconf 92' lang='lat'>;</span> <span class='ocrx_word' id='word_1_725' title='bbox 1283 3182 1355 3252; x_wconf 93' lang='lat' dir='ltr'>quia</span> <span class='ocrx_word' id='word_1_726' title='bbox 1370 3182 1393 3235; x_wconf 89' lang='lat' dir='ltr'>si</span> <span class='ocrx_word' id='word_1_727' title='bbox 1407 3182 1518 3236; x_wconf 91' lang='lat' dir='ltr'>otiosos</span> <span class='ocrx_word' id='word_1_728' title='bbox 1538 3194 1594 3234; x_wconf 92' lang='lat' dir='ltr'>uos</span> <span class='ocrx_word' id='word_1_729' title='bbox 1611 3178 1747 3235; x_wconf 89' lang='lat' dir='ltr'>viderint</span> <span class='ocrx_word' id='word_1_730' title='bbox 1758 3195 1777 3235; x_wconf 93' lang='lat' dir='ltr'>a</span> <span class='ocrx_word' id='word_1_731' title='bbox 1789 3194 1827 3235; x_wconf 85' lang='lat' dir='ltr'>ro·</span> 
     </span>
     <span class='ocr_line' id='line_1_110' title="bbox 1000 3248 1827 3322; baseline -0.002 -14"><span class='ocrx_word' id='word_1_732' title='bbox 1000 3255 1054 3308; x_wconf 90' lang='lat' dir='ltr'>hus</span> <span class='ocrx_word' id='word_1_733' title='bbox 1066 3253 1187 3316; x_wconf 85' lang='lat' dir='ltr'>divinis,</span> <span class='ocrx_word' id='word_1_734' title='bbox 1201 3253 1368 3308; x_wconf 84' lang='lat' dir='ltr'>excitantur</span> <span class='ocrx_word' id='word_1_735' title='bbox 1383 3252 1423 3309; x_wconf 88' lang='lat' dir='ltr'>ad</span> <span class='ocrx_word' id='word_1_736' title='bbox 1437 3248 1646 3307; x_wconf 88' lang='lat' dir='ltr'>sollicitandos</span> <span class='ocrx_word' id='word_1_737' title='bbox 1679 3264 1751 3305; x_wconf 91' lang='lat' dir='ltr'>nos.</span> <span class='ocrx_word' id='word_1_738' title='bbox 1775 3250 1827 3322; x_wconf 86' lang='lat' dir='ltr'>lpsi</span> 
     </span>
     <span class='ocr_line' id='line_1_111' title="bbox 1000 3321 1827 3396; baseline -0.002 -17"><span class='ocrx_word' id='word_1_739' title='bbox 1000 3325 1159 3380; x_wconf 88' lang='lat' dir='ltr'>enimsunt</span> <span class='ocrx_word' id='word_1_740' title='bbox 1174 3325 1226 3396; x_wconf 94' lang='lat' dir='ltr'>qui</span> <span class='ocrx_word' id='word_1_741' title='bbox 1247 3339 1299 3394; x_wconf 91' lang='lat' dir='ltr'>per</span> <span class='ocrx_word' id='word_1_742' title='bbox 1311 3327 1467 3381; x_wconf 89' lang='lat' dir='ltr'>carnemet</span> <span class='ocrx_word' id='word_1_743' title='bbox 1481 3321 1666 3391; x_wconf 88' lang='lat' dir='ltr'>sanguinem</span> <span class='ocrx_word' id='word_1_744' title='bbox 1682 3322 1827 3377; x_wconf 86' lang='lat' dir='ltr'>seminant</span> 
     </span>
     <span class='ocr_line' id='line_1_112' title="bbox 999 3392 1826 3467; baseline -0.005 -16"><span class='ocrx_word' id='word_1_745' title='bbox 999 3396 1267 3467; x_wconf 85' lang='lat' dir='ltr'>concupiscentias.</span> <span class='ocrx_word' id='word_1_746' title='bbox 1285 3396 1428 3461; x_wconf 79' lang='lat' dir='ltr'>Ovvamvis</span> <span class='ocrx_word' id='word_1_747' title='bbox 1443 3394 1523 3450; x_wconf 88' lang='lat' dir='ltr'>enim</span> <span class='ocrx_word' id='word_1_748' title='bbox 1551 3392 1668 3448; x_wconf 89' lang='lat' dir='ltr'>babeat</span> <span class='ocrx_word' id='word_1_749' title='bbox 1680 3407 1753 3449; x_wconf 90' lang='lat' dir='ltr'>caro</span> <span class='ocrx_word' id='word_1_750' title='bbox 1764 3408 1826 3464; x_wconf 92' lang='lat' dir='ltr'>pro·</span> 
     </span>
     <span class='ocr_line' id='line_1_113' title="bbox 1000 3465 1826 3539; baseline -0.002 -18"><span class='ocrx_word' id='word_1_751' title='bbox 1000 3470 1098 3539; x_wconf 89' lang='lat' dir='ltr'>prium</span> <span class='ocrx_word' id='word_1_752' title='bbox 1108 3474 1223 3522; x_wconf 91' lang='lat' dir='ltr'>motum</span> <span class='ocrx_word' id='word_1_753' title='bbox 1235 3467 1358 3537; x_wconf 90' lang='lat' dir='ltr'>originis</span> <span class='ocrx_word' id='word_1_754' title='bbox 1366 3483 1437 3530; x_wconf 78' lang='lat' dir='ltr'>sose,</span> <span class='ocrx_word' id='word_1_755' title='bbox 1446 3465 1584 3538; x_wconf 88' lang='lat' dir='ltr'>quianon</span> <span class='ocrx_word' id='word_1_756' title='bbox 1592 3466 1761 3520; x_wconf 85' lang='lat' dir='ltr'>estotiosa¹</span> <span class='ocrx_word' id='word_1_757' title='bbox 1769 3480 1826 3520; x_wconf 90' lang='lat' dir='ltr'>car-</span> 
     </span>
     <span class='ocr_line' id='line_1_114' title="bbox 999 3535 1825 3602; baseline -0.002 -9"><span class='ocrx_word' id='word_1_758' title='bbox 999 3538 1075 3594; x_wconf 90' lang='lat' dir='ltr'>nalis</span> <span class='ocrx_word' id='word_1_759' title='bbox 1097 3538 1236 3594; x_wconf 88' lang='lat' dir='ltr'>nativitas</span> <span class='ocrx_word' id='word_1_760' title='bbox 1252 3556 1259 3602; x_wconf 89' lang='lat'>;</span> <span class='ocrx_word' id='word_1_761' title='bbox 1275 3539 1417 3593; x_wconf 91' lang='lat' dir='ltr'>tamenin</span> <span class='ocrx_word' id='word_1_762' title='bbox 1432 3538 1491 3592; x_wconf 89' lang='lat' dir='ltr'>hac</span> <span class='ocrx_word' id='word_1_763' title='bbox 1505 3552 1537 3591; x_wconf 87' lang='lat' dir='ltr'>ro</span> <span class='ocrx_word' id='word_1_764' title='bbox 1549 3535 1715 3591; x_wconf 88' lang='lat' dir='ltr'>acceditad</span> <span class='ocrx_word' id='word_1_765' title='bbox 1726 3551 1825 3591; x_wconf 88' lang='lat' dir='ltr'>necem</span> 
     </span>
     <span class='ocr_line' id='line_1_115' title="bbox 999 3607 1824 3680; baseline -0.004 -15"><span class='ocrx_word' id='word_1_766' title='bbox 999 3609 1156 3665; x_wconf 90' lang='lat' dir='ltr'>bominum</span> <span class='ocrx_word' id='word_1_767' title='bbox 1181 3609 1363 3680; x_wconf 89' lang='lat' dir='ltr'>adjutorium</span> <span class='ocrx_word' id='word_1_768' title='bbox 1396 3609 1581 3664; x_wconf 75' lang='lat' dir='ltr'>demonum.</span> <span class='ocrx_word' id='word_1_769' title='bbox 1603 3607 1730 3663; x_wconf 88' lang='lat' dir='ltr'>Diversa</span> <span class='ocrx_word' id='word_1_770' title='bbox 1749 3608 1824 3663; x_wconf 88' lang='lat' dir='ltr'>enim</span> 
     </span>
     <span class='ocr_line' id='line_1_116' title="bbox 1000 3678 1824 3752; baseline -0.001 -19"><span class='ocrx_word' id='word_1_771' title='bbox 1000 3688 1068 3736; x_wconf 91' lang='lat' dir='ltr'>sunt</span> <span class='ocrx_word' id='word_1_772' title='bbox 1080 3681 1241 3745; x_wconf 81' lang='lat' dir='ltr'>daemonia,</span> <span class='ocrx_word' id='word_1_773' title='bbox 1257 3686 1285 3735; x_wconf 93' lang='lat' dir='ltr'>et</span> <span class='ocrx_word' id='word_1_774' title='bbox 1300 3680 1453 3752; x_wconf 88' lang='lat' dir='ltr'>disparem</span> <span class='ocrx_word' id='word_1_775' title='bbox 1469 3679 1612 3735; x_wconf 92' lang='lat' dir='ltr'>babentia</span> <span class='ocrx_word' id='word_1_776' title='bbox 1628 3678 1824 3734; x_wconf 86' lang='lat' dir='ltr'>voluntatem.</span> 
     </span>
     <span class='ocr_line' id='line_1_117' title="bbox 1000 3748 1823 3823; baseline -0.004 -17"><span class='ocrx_word' id='word_1_777' title='bbox 1000 3752 1144 3816; x_wconf 73' lang='lat' dir='ltr'>Quasdam</span> <span class='ocrx_word' id='word_1_778' title='bbox 1160 3752 1239 3807; x_wconf 93' lang='lat' dir='ltr'>enim</span> <span class='ocrx_word' id='word_1_779' title='bbox 1256 3757 1323 3807; x_wconf 91' lang='lat' dir='ltr'>sunt</span> <span class='ocrx_word' id='word_1_780' title='bbox 1334 3767 1402 3823; x_wconf 82' lang='lat' dir='ltr'>qum</span> <span class='ocrx_word' id='word_1_781' title='bbox 1414 3767 1484 3807; x_wconf 92' lang='lat' dir='ltr'>cum</span> <span class='ocrx_word' id='word_1_782' title='bbox 1496 3748 1679 3821; x_wconf 89' lang='lat' dir='ltr'>perturbant</span> <span class='ocrx_word' id='word_1_783' title='bbox 1698 3750 1823 3814; x_wconf 87' lang='lat' dir='ltr'>animos,</span> 
     </span>
     <span class='ocr_line' id='line_1_118' title="bbox 998 3820 1825 3894; baseline 0 -17"><span class='ocrx_word' id='word_1_784' title='bbox 998 3823 1112 3878; x_wconf 88' lang='lat' dir='ltr'>elidunt</span> <span class='ocrx_word' id='word_1_785' title='bbox 1125 3838 1265 3894; x_wconf 87' lang='lat' dir='ltr'>corpora:</span> <span class='ocrx_word' id='word_1_786' title='bbox 1277 3823 1419 3893; x_wconf 77' lang='lat' dir='ltr'>quedam</span> <span class='ocrx_word' id='word_1_787' title='bbox 1428 3837 1498 3878; x_wconf 90' lang='lat' dir='ltr'>vero</span> <span class='ocrx_word' id='word_1_788' title='bbox 1511 3820 1715 3877; x_wconf 82' lang='lat' dir='ltr'>admisceatis</span> <span class='ocrx_word' id='word_1_789' title='bbox 1725 3836 1825 3877; x_wconf 83' lang='lat' dir='ltr'>sesan·</span> 
     </span>
     <span class='ocr_line' id='line_1_119' title="bbox 999 3891 1824 3964; baseline -0.004 -15"><span class='ocrx_word' id='word_1_790' title='bbox 999 3894 1091 3964; x_wconf 90' lang='lat' dir='ltr'>guiui,</span> <span class='ocrx_word' id='word_1_791' title='bbox 1103 3900 1245 3961; x_wconf 86' lang='lat' dir='ltr'>generant</span> <span class='ocrx_word' id='word_1_792' title='bbox 1255 3893 1366 3950; x_wconf 88' lang='lat' dir='ltr'>animis</span> <span class='ocrx_word' id='word_1_793' title='bbox 1379 3893 1527 3950; x_wconf 89' lang='lat' dir='ltr'>desideria</span> <span class='ocrx_word' id='word_1_794' title='bbox 1539 3911 1546 3948; x_wconf 80' lang='grc' dir='ltr'>ι</span> <span class='ocrx_word' id='word_1_795' title='bbox 1558 3891 1618 3948; x_wconf 89' lang='lat' dir='ltr'>alin</span> <span class='ocrx_word' id='word_1_796' title='bbox 1634 3893 1824 3948; x_wconf 88' lang='lat' dir='ltr'>autemcordi</span> 
     </span>
     <span class='ocr_line' id='line_1_120' title="bbox 999 3962 1823 4037; baseline -0.005 -17"><span class='ocrx_word' id='word_1_797' title='bbox 999 3966 1128 4020; x_wconf 88' lang='lat' dir='ltr'>bominis</span> <span class='ocrx_word' id='word_1_798' title='bbox 1143 3981 1175 4020; x_wconf 91' lang='lat' dir='ltr'>se</span> <span class='ocrx_word' id='word_1_799' title='bbox 1195 3965 1377 4036; x_wconf 80' lang='lat' dir='ltr'>copulantis,</span> <span class='ocrx_word' id='word_1_800' title='bbox 1400 3968 1565 4037; x_wconf 86' lang='lat' dir='ltr'>suggerunt</span> <span class='ocrx_word' id='word_1_801' title='bbox 1579 3979 1652 4018; x_wconf 92' lang='lat' dir='ltr'>cum</span> <span class='ocrx_word' id='word_1_802' title='bbox 1673 3962 1823 4019; x_wconf 88' lang='lat' dir='ltr'>blanditiis</span> 
     </span>
     <span class='ocr_line' id='line_1_121' title="bbox 999 4032 1824 4106; baseline -0.002 -15"><span class='ocrx_word' id='word_1_803' title='bbox 999 4038 1163 4092; x_wconf 90' lang='lat' dir='ltr'>coutrnria:</span> <span class='ocrx_word' id='word_1_804' title='bbox 1178 4037 1321 4092; x_wconf 93' lang='lat' dir='ltr'>nonnulla</span> <span class='ocrx_word' id='word_1_805' title='bbox 1331 4042 1431 4092; x_wconf 88' lang='lat' dir='ltr'>autem</span> <span class='ocrx_word' id='word_1_806' title='bbox 1445 4041 1524 4100; x_wconf 87' lang='lat' dir='ltr'>sunt,</span> <span class='ocrx_word' id='word_1_807' title='bbox 1537 4050 1607 4106; x_wconf 76' lang='lat' dir='ltr'>que</span> <span class='ocrx_word' id='word_1_808' title='bbox 1623 4032 1756 4091; x_wconf 86' lang='lat' dir='ltr'>solacor</span> <span class='ocrx_word' id='word_1_809' title='bbox 1795 4050 1824 4090; x_wconf 90' lang='lat' dir='ltr'>ro</span> 
     </span>
     <span class='ocr_line' id='line_1_122' title="bbox 998 4104 1822 4176; baseline -0.001 -13"><span class='ocrx_word' id='word_1_810' title='bbox 998 4107 1134 4176; x_wconf 86' lang='lat' dir='ltr'>obligant</span> <span class='ocrx_word' id='word_1_811' title='bbox 1165 4107 1413 4173; x_wconf 79' lang='lat' dir='ltr'>infirmitatibus3</span> <span class='ocrx_word' id='word_1_812' title='bbox 1440 4108 1516 4163; x_wconf 88' lang='lat' dir='ltr'>sicut</span> <span class='ocrx_word' id='word_1_813' title='bbox 1542 4112 1571 4160; x_wconf 90' lang='lat' dir='ltr'>et</span> <span class='ocrx_word' id='word_1_814' title='bbox 1606 4104 1694 4160; x_wconf 89' lang='lat' dir='ltr'>illam</span> <span class='ocrx_word' id='word_1_815' title='bbox 1736 4106 1822 4162; x_wconf 86' lang='lat' dir='ltr'>fi&#39;am</span> 
     </span>
     <span class='ocr_line' id='line_1_123' title="bbox 998 4177 1821 4261; baseline -0.005 -28"><span class='ocrx_word' id='word_1_816' title='bbox 998 4178 1135 4244; x_wconf 69' lang='lat' dir='ltr'>Abrahae,</span> <span class='ocrx_word' id='word_1_817' title='bbox 1147 4194 1239 4261; x_wconf 88' lang='lat' dir='ltr'>quam</span> <span class='ocrx_word' id='word_1_818' title='bbox 1255 4180 1399 4234; x_wconf 83' lang='lat' dir='ltr'>Dominus</span> <span class='ocrx_word' id='word_1_819' title='bbox 1415 4178 1528 4235; x_wconf 81' lang='lat' dir='ltr'>eviravit</span> <span class='ocrx_word' id='word_1_820' title='bbox 1543 4177 1622 4248; x_wconf 74' lang='lat' dir='ltr'>(Leo.</span> <span class='ocrx_word' id='word_1_821' title='bbox 1639 4193 1704 4241; x_wconf 79' lang='lat' dir='ltr'>xvn,</span> <span class='ocrx_word' id='word_1_822' title='bbox 1721 4178 1821 4249; x_wconf 67' lang='lat' dir='ltr'>lile).</span> 
     </span>
     <span class='ocr_line' id='line_1_124' title="bbox 999 4248 1820 4321; baseline 0.001 -15"><span class='ocrx_word' id='word_1_823' title='bbox 999 4252 1064 4306; x_wconf 81' lang='lat' dir='ltr'>lloec</span> <span class='ocrx_word' id='word_1_824' title='bbox 1079 4266 1183 4306; x_wconf 81' lang='lat' dir='ltr'>omnia</span> <span class='ocrx_word' id='word_1_825' title='bbox 1199 4250 1371 4320; x_wconf 92' lang='lat' dir='ltr'>ignorantes</span> <span class='ocrx_word' id='word_1_826' title='bbox 1387 4250 1506 4319; x_wconf 89' lang='lat' dir='ltr'>Pagani,</span> <span class='ocrx_word' id='word_1_827' title='bbox 1526 4248 1622 4305; x_wconf 86' lang='lat' dir='ltr'>latum</span> <span class='ocrx_word' id='word_1_828' title='bbox 1645 4248 1820 4321; x_wconf 84' lang='lat' dir='ltr'>appellant:</span> 
     </span>
     <span class='ocr_line' id='line_1_125' title="bbox 998 4319 1823 4392; baseline -0.002 -16"><span class='ocrx_word' id='word_1_829' title='bbox 998 4338 1066 4377; x_wconf 90' lang='lat' dir='ltr'>cum</span> <span class='ocrx_word' id='word_1_830' title='bbox 1083 4322 1207 4376; x_wconf 80' lang='lat' dir='ltr'>diverse</span> <span class='ocrx_word' id='word_1_831' title='bbox 1220 4322 1277 4376; x_wconf 89' lang='lat' dir='ltr'>sint</span> <span class='ocrx_word' id='word_1_832' title='bbox 1292 4337 1401 4387; x_wconf 79' lang='lat' dir='ltr'>cause,</span> <span class='ocrx_word' id='word_1_833' title='bbox 1418 4322 1510 4377; x_wconf 88' lang='lat' dir='ltr'>etista</span> <span class='ocrx_word' id='word_1_834' title='bbox 1522 4320 1560 4377; x_wconf 90' lang='lat' dir='ltr'>ab</span> <span class='ocrx_word' id='word_1_835' title='bbox 1572 4319 1705 4375; x_wconf 89' lang='lat' dir='ltr'>inimicis</span> <span class='ocrx_word' id='word_1_836' title='bbox 1719 4336 1823 4392; x_wconf 88' lang='lat' dir='ltr'>procu·</span> 
     </span>
     <span class='ocr_line' id='line_1_126' title="bbox 997 4391 1821 4476; baseline -0.004 -28"><span class='ocrx_word' id='word_1_837' title='bbox 997 4398 1109 4458; x_wconf 88' lang='lat' dir='ltr'>rentur,</span> <span class='ocrx_word' id='word_1_838' title='bbox 1127 4399 1157 4447; x_wconf 91' lang='lat' dir='ltr'>ut</span> <span class='ocrx_word' id='word_1_839' title='bbox 1170 4408 1362 4476; x_wconf 89' lang='lat' dir='ltr'>quacumque</span> <span class='ocrx_word' id='word_1_840' title='bbox 1376 4408 1414 4447; x_wconf 89' lang='lat' dir='ltr'>ex</span> <span class='ocrx_word' id='word_1_841' title='bbox 1428 4408 1520 4449; x_wconf 89' lang='lat' dir='ltr'>causa</span> <span class='ocrx_word' id='word_1_842' title='bbox 1534 4391 1669 4447; x_wconf 88' lang='lat' dir='ltr'>irritetur</span> <span class='ocrx_word' id='word_1_843' title='bbox 1682 4392 1782 4458; x_wconf 88' lang='lat' dir='ltr'>bomo,</span> <span class='ocrx_word' id='word_1_844' title='bbox 1796 4398 1821 4445; x_wconf 88' lang='lat' dir='ltr'>et</span> 
     </span>
     <span class='ocr_line' id='line_1_127' title="bbox 998 4462 1821 4533; baseline 0 -16"><span class='ocrx_word' id='word_1_845' title='bbox 998 4464 1173 4533; x_wconf 88' lang='lat' dir='ltr'>subjiciatur</span> <span class='ocrx_word' id='word_1_846' title='bbox 1189 4464 1390 4533; x_wconf 83' lang='lat' dir='ltr'>passionibus.</span> <span class='ocrx_word' id='word_1_847' title='bbox 1405 4463 1461 4520; x_wconf 91' lang='lat' dir='ltr'>Sed</span> <span class='ocrx_word' id='word_1_848' title='bbox 1482 4462 1712 4519; x_wconf 78' lang='lat' dir='ltr'>solumbonum</span> <span class='ocrx_word' id='word_1_849' title='bbox 1726 4480 1745 4519; x_wconf 90' lang='lat' dir='ltr'>a</span> <span class='ocrx_word' id='word_1_850' title='bbox 1770 4462 1821 4531; x_wconf 85' lang='lat' dir='ltr'>pel·</span> 
     </span>
     <span class='ocr_line' id='line_1_128' title="bbox 998 4479 1820 4607; baseline 0 -18"><span class='ocrx_word' id='word_1_851' title='bbox 998 4536 1070 4600; x_wconf 89' lang='lat' dir='ltr'>lant,</span> <span class='ocrx_word' id='word_1_852' title='bbox 1088 4551 1156 4590; x_wconf 91' lang='lat' dir='ltr'>cum</span> <span class='ocrx_word' id='word_1_853' title='bbox 1169 4534 1246 4590; x_wconf 86' lang='lat' dir='ltr'>bene</span> <span class='ocrx_word' id='word_1_854' title='bbox 1260 4540 1425 4607; x_wconf 88' lang='lat' dir='ltr'>temperata</span> <span class='ocrx_word' id='word_1_855' title='bbox 1437 4540 1651 4604; x_wconf 89' lang='lat' dir='ltr'>suntcorpora,</span> <span class='ocrx_word' id='word_1_856' title='bbox 1662 4540 1715 4590; x_wconf 89' lang='lat' dir='ltr'>aut</span> <span class='ocrx_word' id='word_1_857' title='bbox 1724 4479 1820 4590; x_wconf 61' lang='lat' dir='ltr'>affabi-</span> 
     </span>
     <span class='ocr_line' id='line_1_129' title="bbox 996 4606 1818 4677; baseline 0 -17"><span class='ocrx_word' id='word_1_858' title='bbox 996 4606 1818 4677; x_wconf 84' lang='lat' dir='ltr'>litatecommendantur,habentiagratiamquamdsm:</span> 
     </span>
     <span class='ocr_line' id='line_1_130' title="bbox 998 4675 1818 4747; baseline -0.001 -15"><span class='ocrx_word' id='word_1_859' title='bbox 998 4678 1110 4733; x_wconf 89' lang='lat' dir='ltr'>malum</span> <span class='ocrx_word' id='word_1_860' title='bbox 1125 4683 1225 4733; x_wconf 91' lang='lat' dir='ltr'>autem</span> <span class='ocrx_word' id='word_1_861' title='bbox 1239 4678 1332 4733; x_wconf 90' lang='lat' dir='ltr'>latum</span> <span class='ocrx_word' id='word_1_862' title='bbox 1345 4694 1422 4743; x_wconf 88' lang='lat' dir='ltr'>csse,</span> <span class='ocrx_word' id='word_1_863' title='bbox 1439 4678 1465 4732; x_wconf 88' lang='lat' dir='ltr'>si</span> <span class='ocrx_word' id='word_1_864' title='bbox 1478 4677 1546 4747; x_wconf 92' lang='lat' dir='ltr'>plus</span> <span class='ocrx_word' id='word_1_865' title='bbox 1558 4676 1669 4733; x_wconf 85' lang='lat' dir='ltr'>caloris</span> <span class='ocrx_word' id='word_1_866' title='bbox 1684 4675 1818 4740; x_wconf 85' lang='lat' dir='ltr'>habeant,</span> 
     </span>
     <span class='ocr_line' id='line_1_131' title="bbox 997 4748 1818 4822; baseline -0.001 -18"><span class='ocrx_word' id='word_1_867' title='bbox 997 4754 1048 4804; x_wconf 89' lang='lat' dir='ltr'>aut</span> <span class='ocrx_word' id='word_1_868' title='bbox 1063 4748 1213 4811; x_wconf 82' lang='lat' dir='ltr'>huvnoris;</span> <span class='ocrx_word' id='word_1_869' title='bbox 1226 4755 1278 4804; x_wconf 93' lang='lat' dir='ltr'>aut</span> <span class='ocrx_word' id='word_1_870' title='bbox 1306 4751 1329 4804; x_wconf 86' lang='lat' dir='ltr'>si</span> <span class='ocrx_word' id='word_1_871' title='bbox 1342 4749 1410 4822; x_wconf 92' lang='lat' dir='ltr'>quis</span> <span class='ocrx_word' id='word_1_872' title='bbox 1426 4748 1539 4805; x_wconf 88' lang='lat' dir='ltr'>nonsit</span> <span class='ocrx_word' id='word_1_873' title='bbox 1555 4763 1701 4821; x_wconf 90' lang='lat' dir='ltr'>aspersus</span> <span class='ocrx_word' id='word_1_874' title='bbox 1719 4750 1818 4819; x_wconf 85' lang='lat' dir='ltr'>gratia.</span> 
     </span>
    </p>
   </div>
   <div class='ocr_carea' id='block_1_6' title="bbox 112 4811 1818 5669">
    <p class='ocr_par' dir='ltr' id='par_1_7' title="bbox 112 4811 1818 5669">
     <span class='ocr_line' id='line_1_132' title="bbox 118 4811 1818 4891; baseline 0.004 -25"><span class='ocrx_word' id='word_1_875' title='bbox 118 4811 306 4882; x_wconf 91' lang='lat' dir='ltr'>temporibus</span> <span class='ocrx_word' id='word_1_876' title='bbox 335 4812 399 4869; x_wconf 81' lang='lat' dir='ltr'>lvaec</span> <span class='ocrx_word' id='word_1_877' title='bbox 415 4816 474 4871; x_wconf 86' lang='lat' dir='ltr'>luta</span> <span class='ocrx_word' id='word_1_878' title='bbox 488 4816 616 4881; x_wconf 81' lang='lat' dir='ltr'>bierunt,</span> <span class='ocrx_word' id='word_1_879' title='bbox 642 4824 671 4874; x_wconf 91' lang='lat' dir='ltr'>et</span> <span class='ocrx_word' id='word_1_880' title='bbox 693 4826 796 4889; x_wconf 87' lang='lat' dir='ltr'>postea</span> <span class='ocrx_word' id='word_1_881' title='bbox 824 4826 943 4876; x_wconf 91' lang='lat' dir='ltr'>mortua</span> <span class='ocrx_word' id='word_1_882' title='bbox 996 4819 1048 4875; x_wconf 87' lang='lat' dir='ltr'>sed</span> <span class='ocrx_word' id='word_1_883' title='bbox 1063 4819 1818 4891; x_wconf 87' lang='lat' dir='ltr'>magisaddetrimeutaparatus,quosinlortunatos</span> 
     </span>
     <span class='ocr_line' id='line_1_133' title="bbox 117 4886 1817 4963; baseline 0.004 -26"><span class='ocrx_word' id='word_1_884' title='bbox 117 4887 197 4948; x_wconf 87' lang='lat' dir='ltr'>sunt,</span> <span class='ocrx_word' id='word_1_885' title='bbox 215 4886 246 4938; x_wconf 89' lang='lat' dir='ltr'>ut</span> <span class='ocrx_word' id='word_1_886' title='bbox 261 4891 389 4963; x_wconf 80' lang='lat' dir='ltr'>cessaret</span> <span class='ocrx_word' id='word_1_887' title='bbox 403 4901 449 4940; x_wconf 92' lang='lat' dir='ltr'>res</span> <span class='ocrx_word' id='word_1_888' title='bbox 465 4886 541 4942; x_wconf 90' lang='lat' dir='ltr'>bene</span> <span class='ocrx_word' id='word_1_889' title='bbox 568 4888 689 4943; x_wconf 88' lang='lat' dir='ltr'>inventa</span> <span class='ocrx_word' id='word_1_890' title='bbox 704 4887 718 4942; x_wconf 75' lang='lat' dir='ltr'>i</span> <span class='ocrx_word' id='word_1_891' title='bbox 734 4889 790 4944; x_wconf 86' lang='lat' dir='ltr'>Sed</span> <span class='ocrx_word' id='word_1_892' title='bbox 804 4905 863 4945; x_wconf 93' lang='lat' dir='ltr'>nou</span> <span class='ocrx_word' id='word_1_893' title='bbox 881 4890 942 4946; x_wconf 84' lang='lat' dir='ltr'>lata</span> <span class='ocrx_word' id='word_1_894' title='bbox 997 4897 1113 4946; x_wconf 86' lang='lat' dir='ltr'>vocant.</span> <span class='ocrx_word' id='word_1_895' title='bbox 1125 4893 1178 4946; x_wconf 81' lang='lat' dir='ltr'>Fac</span> <span class='ocrx_word' id='word_1_896' title='bbox 1191 4907 1261 4947; x_wconf 87' lang='lat' dir='ltr'>vera</span> <span class='ocrx_word' id='word_1_897' title='bbox 1272 4907 1347 4946; x_wconf 82' lang='lat' dir='ltr'>esse.</span> <span class='ocrx_word' id='word_1_898' title='bbox 1365 4892 1593 4947; x_wconf 87' lang='lat' dir='ltr'>Videmusenim</span> <span class='ocrx_word' id='word_1_899' title='bbox 1605 4891 1675 4946; x_wconf 79' lang='lat' dir='ltr'>haec</span> <span class='ocrx_word' id='word_1_900' title='bbox 1690 4892 1781 4949; x_wconf 86' lang='lat' dir='ltr'>etiam</span> <span class='ocrx_word' id='word_1_901' title='bbox 1792 4894 1817 4945; x_wconf 90' lang='lat' dir='ltr'>io</span> 
     </span>
     <span class='ocr_line' id='line_1_134' title="bbox 117 4953 1818 5035; baseline 0.003 -25"><span class='ocrx_word' id='word_1_902' title='bbox 117 4955 192 5022; x_wconf 74' lang='lat' dir='ltr'>baro,</span> <span class='ocrx_word' id='word_1_903' title='bbox 207 4953 258 5009; x_wconf 90' lang='lat' dir='ltr'>sed</span> <span class='ocrx_word' id='word_1_904' title='bbox 273 4954 431 5035; x_wconf 80' lang='lat' dir='ltr'>disciplina</span> <span class='ocrx_word' id='word_1_905' title='bbox 443 4958 604 5014; x_wconf 74' lang='lat' dir='ltr'>invenerat.</span> <span class='ocrx_word' id='word_1_906' title='bbox 622 4964 656 5014; x_wconf 80' lang='grc' dir='ltr'>ιιι</span> <span class='ocrx_word' id='word_1_907' title='bbox 667 4960 717 5015; x_wconf 92' lang='lat' dir='ltr'>ubi</span> <span class='ocrx_word' id='word_1_908' title='bbox 731 4975 881 5015; x_wconf 85' lang='lat' dir='ltr'>recessum</span> <span class='ocrx_word' id='word_1_909' title='bbox 898 4969 942 5018; x_wconf 89' lang='lat' dir='ltr'>est</span> <span class='ocrx_word' id='word_1_910' title='bbox 996 4961 1191 5028; x_wconf 89' lang='lat' dir='ltr'>animalibus,</span> <span class='ocrx_word' id='word_1_911' title='bbox 1205 4968 1236 5018; x_wconf 91' lang='lat' dir='ltr'>ut</span> <span class='ocrx_word' id='word_1_912' title='bbox 1250 4961 1316 5033; x_wconf 89' lang='lat' dir='ltr'>plus</span> <span class='ocrx_word' id='word_1_913' title='bbox 1331 4962 1579 5019; x_wconf 86' lang='lat' dir='ltr'>babeantcaloris</span> <span class='ocrx_word' id='word_1_914' title='bbox 1597 4961 1672 5017; x_wconf 90' lang='lat' dir='ltr'>:scd</span> <span class='ocrx_word' id='word_1_915' title='bbox 1685 4962 1818 5019; x_wconf 87' lang='lat' dir='ltr'>animalis</span> 
     </span>
     <span class='ocr_line' id='line_1_135' title="bbox 116 5025 1817 5105; baseline 0.004 -24"><span class='ocrx_word' id='word_1_916' title='bbox 116 5025 372 5092; x_wconf 89' lang='lat' dir='ltr'>accusuetudvne,</span> <span class='ocrx_word' id='word_1_917' title='bbox 388 5028 473 5096; x_wconf 90' lang='lat' dir='ltr'>periit</span> <span class='ocrx_word' id='word_1_918' title='bbox 488 5029 655 5100; x_wconf 90' lang='lat' dir='ltr'>disciplina.</span> <span class='ocrx_word' id='word_1_919' title='bbox 673 5031 941 5089; x_wconf 82' lang='lat' dir='ltr'>Etvctevesliomn-</span> <span class='ocrx_word' id='word_1_920' title='bbox 997 5048 1057 5088; x_wconf 89' lang='lat' dir='ltr'>nou</span> <span class='ocrx_word' id='word_1_921' title='bbox 1074 5038 1145 5088; x_wconf 88' lang='lat' dir='ltr'>sunt</span> <span class='ocrx_word' id='word_1_922' title='bbox 1161 5034 1510 5098; x_wconf 82' lang='lat' dir='ltr'>rationaliasicutboum,</span> <span class='ocrx_word' id='word_1_923' title='bbox 1520 5039 1550 5089; x_wconf 91' lang='lat' dir='ltr'>ut</span> <span class='ocrx_word' id='word_1_924' title='bbox 1560 5035 1682 5105; x_wconf 90' lang='lat' dir='ltr'>possint</span> <span class='ocrx_word' id='word_1_925' title='bbox 1691 5034 1817 5091; x_wconf 78' lang='lat' dir='ltr'>adbibita</span> 
     </span>
     <span class='ocr_line' id='line_1_136' title="bbox 116 5098 1816 5179; baseline 0.003 -27"><span class='ocrx_word' id='word_1_926' title='bbox 116 5112 225 5153; x_wconf 90' lang='lat' dir='ltr'>norum</span> <span class='ocrx_word' id='word_1_927' title='bbox 242 5103 330 5153; x_wconf 77' lang='lat' dir='ltr'>tanta</span> <span class='ocrx_word' id='word_1_928' title='bbox 342 5098 531 5154; x_wconf 77' lang='lat' dir='ltr'>continentie</span> <span class='ocrx_word' id='word_1_929' title='bbox 545 5101 674 5169; x_wconf 90' lang='lat' dir='ltr'>luerunt,</span> <span class='ocrx_word' id='word_1_930' title='bbox 691 5107 721 5158; x_wconf 91' lang='lat' dir='ltr'>ut</span> <span class='ocrx_word' id='word_1_931' title='bbox 734 5103 823 5157; x_wconf 82' lang='lat' dir='ltr'>etiam</span> <span class='ocrx_word' id='word_1_932' title='bbox 840 5103 942 5160; x_wconf 90' lang='lat' dir='ltr'>oblata</span> <span class='ocrx_word' id='word_1_933' title='bbox 995 5121 1067 5160; x_wconf 89' lang='lat' dir='ltr'>cura</span> <span class='ocrx_word' id='word_1_934' title='bbox 1080 5120 1189 5176; x_wconf 90' lang='lat' dir='ltr'>corpus</span> <span class='ocrx_word' id='word_1_935' title='bbox 1203 5120 1292 5159; x_wconf 91' lang='lat' dir='ltr'>suum</span> <span class='ocrx_word' id='word_1_936' title='bbox 1306 5110 1481 5176; x_wconf 87' lang='lat' dir='ltr'>teuvperarc.</span> <span class='ocrx_word' id='word_1_937' title='bbox 1491 5105 1651 5161; x_wconf 90' lang='lat' dir='ltr'>ldeoenim</span> <span class='ocrx_word' id='word_1_938' title='bbox 1663 5109 1816 5179; x_wconf 83' lang='lat' dir='ltr'>imperator</span> 
     </span>
     <span class='ocr_line' id='line_1_137' title="bbox 115 5168 1815 5248; baseline 0.002 -26"><span class='ocrx_word' id='word_1_939' title='bbox 115 5184 242 5224; x_wconf 90' lang='lat' dir='ltr'>munera</span> <span class='ocrx_word' id='word_1_940' title='bbox 256 5168 428 5234; x_wconf 81' lang='lat' dir='ltr'>refutarent,</span> <span class='ocrx_word' id='word_1_941' title='bbox 458 5170 570 5227; x_wconf 90' lang='lat' dir='ltr'>bonam</span> <span class='ocrx_word' id='word_1_942' title='bbox 587 5173 700 5229; x_wconf 87' lang='lat' dir='ltr'>lamam</span> <span class='ocrx_word' id='word_1_943' title='bbox 724 5173 844 5230; x_wconf 91' lang='lat' dir='ltr'>divitias</span> <span class='ocrx_word' id='word_1_944' title='bbox 859 5175 939 5231; x_wconf 90' lang='lat' dir='ltr'>arbi·</span> <span class='ocrx_word' id='word_1_945' title='bbox 994 5176 1184 5245; x_wconf 88' lang='lat' dir='ltr'>estcorporis</span> <span class='ocrx_word' id='word_1_946' title='bbox 1197 5176 1327 5240; x_wconf 88' lang='lat' dir='ltr'>animus,</span> <span class='ocrx_word' id='word_1_947' title='bbox 1344 5182 1377 5232; x_wconf 93' lang='lat' dir='ltr'>ut</span> <span class='ocrx_word' id='word_1_948' title='bbox 1389 5176 1535 5248; x_wconf 89' lang='lat' dir='ltr'>gubernet</span> <span class='ocrx_word' id='word_1_949' title='bbox 1559 5176 1635 5232; x_wconf 89' lang='lat' dir='ltr'>illud</span> <span class='ocrx_word' id='word_1_950' title='bbox 1652 5174 1815 5235; x_wconf 85' lang='lat' dir='ltr'>retinaculis</span> 
     </span>
     <span class='ocr_line' id='line_1_138' title="bbox 114 5242 1814 5322; baseline 0.004 -29"><span class='ocrx_word' id='word_1_951' title='bbox 114 5243 236 5322; x_wconf 78' lang='lat' dir='ltr'>tractes,</span> <span class='ocrx_word' id='word_1_952' title='bbox 247 5246 275 5295; x_wconf 94' lang='lat' dir='ltr'>et</span> <span class='ocrx_word' id='word_1_953' title='bbox 291 5242 427 5297; x_wconf 85' lang='lat' dir='ltr'>virtutem</span> <span class='ocrx_word' id='word_1_954' title='bbox 444 5243 646 5313; x_wconf 90' lang='lat' dir='ltr'>voluptatibus</span> <span class='ocrx_word' id='word_1_955' title='bbox 659 5251 868 5318; x_wconf 75' lang='lat' dir='ltr'>preponentes</span> <span class='ocrx_word' id='word_1_956' title='bbox 891 5263 896 5300; x_wconf 93' lang='lat'>:</span> <span class='ocrx_word' id='word_1_957' title='bbox 912 5252 940 5302; x_wconf 90' lang='lat' dir='ltr'>et</span> <span class='ocrx_word' id='word_1_958' title='bbox 993 5245 1067 5319; x_wconf 89' lang='lat' dir='ltr'>legis</span> <span class='ocrx_word' id='word_1_959' title='bbox 1080 5247 1199 5303; x_wconf 78' lang='lat' dir='ltr'>divinae.</span> <span class='ocrx_word' id='word_1_960' title='bbox 1215 5247 1342 5302; x_wconf 82' lang='lat' dir='ltr'>Eacuim</span> <span class='ocrx_word' id='word_1_961' title='bbox 1354 5249 1489 5318; x_wconf 76' lang='lat' dir='ltr'>quesive</span> <span class='ocrx_word' id='word_1_962' title='bbox 1503 5247 1814 5319; x_wconf 84' lang='lat' dir='ltr'>impulsucarnis,sire</span> 
     </span>
     <span class='ocr_line' id='line_1_139' title="bbox 113 5307 1815 5391; baseline 0.005 -28"><span class='ocrx_word' id='word_1_963' title='bbox 113 5307 160 5391; x_wconf 85' lang='lat' dir='ltr'>lus</span> <span class='ocrx_word' id='word_1_964' title='bbox 174 5311 242 5366; x_wconf 81' lang='lat' dir='ltr'>latis</span> <span class='ocrx_word' id='word_1_965' title='bbox 255 5327 425 5369; x_wconf 87' lang='lat' dir='ltr'>successum</span> <span class='ocrx_word' id='word_1_966' title='bbox 445 5320 562 5379; x_wconf 73' lang='lat' dir='ltr'>estant</span> <span class='ocrx_word' id='word_1_967' title='bbox 578 5316 716 5371; x_wconf 88' lang='lat' dir='ltr'>obierunt</span> <span class='ocrx_word' id='word_1_968' title='bbox 731 5335 738 5383; x_wconf 90' lang='lat'><strong>;</strong></span> <span class='ocrx_word' id='word_1_969' title='bbox 753 5317 873 5372; x_wconf 81' lang='lat' dir='ltr'>sednon</span> <span class='ocrx_word' id='word_1_970' title='bbox 888 5318 939 5374; x_wconf 88' lang='lat' dir='ltr'>lati</span> <span class='ocrx_word' id='word_1_971' title='bbox 994 5319 1033 5373; x_wconf 90' lang='lat' dir='ltr'>ab</span> <span class='ocrx_word' id='word_1_972' title='bbox 1050 5319 1169 5374; x_wconf 89' lang='lat' dir='ltr'>inimico</span> <span class='ocrx_word' id='word_1_973' title='bbox 1183 5323 1394 5386; x_wconf 82' lang='lat' dir='ltr'>suggeruntur,</span> <span class='ocrx_word' id='word_1_974' title='bbox 1411 5334 1472 5374; x_wconf 93' lang='lat' dir='ltr'>non</span> <span class='ocrx_word' id='word_1_975' title='bbox 1484 5334 1550 5375; x_wconf 91' lang='lat' dir='ltr'>esse</span> <span class='ocrx_word' id='word_1_976' title='bbox 1566 5319 1652 5377; x_wconf 84' lang='lat' dir='ltr'>utilia</span> <span class='ocrx_word' id='word_1_977' title='bbox 1667 5322 1815 5378; x_wconf 82' lang='lat' dir='ltr'>lexosten·</span> 
     </span>
     <span class='ocr_line' id='line_1_140' title="bbox 114 5377 1814 5463; baseline 0.006 -30"><span class='ocrx_word' id='word_1_978' title='bbox 114 5377 178 5443; x_wconf 78' lang='lat' dir='ltr'>tuit.</span> <span class='ocrx_word' id='word_1_979' title='bbox 193 5383 245 5437; x_wconf 88' lang='lat' dir='ltr'>sed</span> <span class='ocrx_word' id='word_1_980' title='bbox 259 5382 435 5453; x_wconf 73' lang='lat' dir='ltr'>discipline,</span> <span class='ocrx_word' id='word_1_981' title='bbox 450 5401 518 5454; x_wconf 80' lang='lat' dir='ltr'>qum</span> <span class='ocrx_word' id='word_1_982' title='bbox 529 5387 618 5443; x_wconf 90' lang='lat' dir='ltr'>ctiam</span> <span class='ocrx_word' id='word_1_983' title='bbox 630 5387 724 5459; x_wconf 90' lang='lat' dir='ltr'>ipsius</span> <span class='ocrx_word' id='word_1_984' title='bbox 735 5387 785 5443; x_wconf 88' lang='lat' dir='ltr'>lati</span> <span class='ocrx_word' id='word_1_985' title='bbox 798 5389 933 5458; x_wconf 71' lang='lat' dir='ltr'>paedago-</span> <span class='ocrx_word' id='word_1_986' title='bbox 993 5389 1151 5444; x_wconf 86' lang='lat' dir='ltr'>ditdivina.</span> <span class='ocrx_word' id='word_1_987' title='bbox 1160 5389 1814 5463; x_wconf 86' lang='lat' dir='ltr'>QuamideoadjutoriodeditDeus‚utdicton·</span> 
     </span>
     <span class='ocr_line' id='line_1_141' title="bbox 114 5455 1813 5584; baseline 0.006 -81"><span class='ocrx_word' id='word_1_988' title='bbox 114 5465 169 5520; x_wconf 90' lang='lat' dir='ltr'>gus</span> <span class='ocrx_word' id='word_1_989' title='bbox 180 5458 232 5507; x_wconf 88' lang='lat' dir='ltr'>cst.</span> <span class='ocrx_word' id='word_1_990' title='bbox 249 5455 492 5538; x_wconf 78' lang='lat' dir='ltr'>Quomodoenim</span> <span class='ocrx_word' id='word_1_991' title='bbox 500 5463 595 5528; x_wconf 92' lang='lat' dir='ltr'>potest</span> <span class='ocrx_word' id='word_1_992' title='bbox 606 5459 656 5514; x_wconf 88' lang='lat' dir='ltr'>lati</span> <span class='ocrx_word' id='word_1_993' title='bbox 669 5474 733 5515; x_wconf 89' lang='lat' dir='ltr'>esse</span> <span class='ocrx_word' id='word_1_994' title='bbox 746 5459 828 5584; x_wconf 77' lang='lat' dir='ltr'>quod</span> <span class='ocrx_word' id='word_1_995' title='bbox 841 5476 938 5532; x_wconf 84' lang='lat' dir='ltr'>neque</span> <span class='ocrx_word' id='word_1_996' title='bbox 994 5464 1051 5515; x_wconf 88' lang='lat' dir='ltr'>tem</span> <span class='ocrx_word' id='word_1_997' title='bbox 1067 5461 1221 5516; x_wconf 90' lang='lat' dir='ltr'>inimicum</span> <span class='ocrx_word' id='word_1_998' title='bbox 1237 5460 1328 5526; x_wconf 87' lang='lat' dir='ltr'>mula,</span> <span class='ocrx_word' id='word_1_999' title='bbox 1344 5461 1431 5533; x_wconf 91' lang='lat' dir='ltr'>quasi</span> <span class='ocrx_word' id='word_1_1000' title='bbox 1448 5461 1529 5518; x_wconf 88' lang='lat' dir='ltr'>bona</span> <span class='ocrx_word' id='word_1_1001' title='bbox 1541 5463 1739 5535; x_wconf 87' lang='lat' dir='ltr'>respicientes</span> <span class='ocrx_word' id='word_1_1002' title='bbox 1748 5462 1813 5530; x_wconf 81' lang='lat' dir='ltr'>legis</span> 
     </span>
     <span class='ocr_line' id='line_1_142' title="bbox 113 5526 1813 5606; baseline 0.011 -31"><span class='ocrx_word' id='word_1_1003' title='bbox 113 5526 315 5605; x_wconf 76' lang='lat' dir='ltr'>antetcmpus</span> <span class='ocrx_word' id='word_1_1004' title='bbox 330 5526 444 5593; x_wconf 81' lang='lat' dir='ltr'>habuit,</span> <span class='ocrx_word' id='word_1_1005' title='bbox 458 5544 641 5600; x_wconf 88' lang='lat' dir='ltr'>nequenunc</span> <span class='ocrx_word' id='word_1_1006' title='bbox 653 5530 744 5585; x_wconf 89' lang='lat' dir='ltr'>habet</span> <span class='ocrx_word' id='word_1_1007' title='bbox 776 5531 935 5603; x_wconf 87' lang='lat' dir='ltr'>thuidevn</span> <span class='ocrx_word' id='word_1_1008' title='bbox 992 5538 1152 5605; x_wconf 71' lang='lat' dir='ltr'>praecepta,</span> <span class='ocrx_word' id='word_1_1009' title='bbox 1169 5532 1530 5604; x_wconf 84' lang='lat' dir='ltr'>illumintelligamusasse</span> <span class='ocrx_word' id='word_1_1010' title='bbox 1540 5532 1813 5606; x_wconf 72' lang='lat' dir='ltr'>seductoremqvia</span> 
     </span>
     <span class='ocr_line' id='line_1_143' title="bbox 112 5596 936 5669; baseline 0.016 -24"><span class='ocrx_word' id='word_1_1011' title='bbox 112 5605 214 5647; x_wconf 81' lang='lat' dir='ltr'>nescio</span> <span class='ocrx_word' id='word_1_1012' title='bbox 231 5596 334 5666; x_wconf 82' lang='lat' dir='ltr'>utquid</span> <span class='ocrx_word' id='word_1_1013' title='bbox 346 5601 460 5655; x_wconf 90' lang='lat' dir='ltr'>tantam</span> <span class='ocrx_word' id='word_1_1014' title='bbox 476 5599 622 5658; x_wconf 87' lang='lat' dir='ltr'>invidiam</span> <span class='ocrx_word' id='word_1_1015' title='bbox 638 5600 698 5658; x_wconf 88' lang='lat' dir='ltr'>lato</span> <span class='ocrx_word' id='word_1_1016' title='bbox 715 5600 835 5669; x_wconf 83' lang='lat' dir='ltr'>iaciant,</span> <span class='ocrx_word' id='word_1_1017' title='bbox 857 5606 890 5657; x_wconf 89' lang='lat' dir='ltr'>nt</span> <span class='ocrx_word' id='word_1_1018' title='bbox 906 5605 936 5658; x_wconf 91' lang='lat' dir='ltr'>in</span> 
     </span>
    </p>
   </div>
   <div class='ocr_carea' id='block_1_7' title="bbox 112 5660 1570 5742">
    <p class='ocr_par' dir='ltr' id='par_1_8' title="bbox 112 5660 1570 5742">
     <span class='ocr_line' id='line_1_144' title="bbox 112 5660 1570 5742; baseline 0.011 -24"><span class='ocrx_word' id='word_1_1019' title='bbox 112 5660 254 5718; x_wconf 91' lang='lat' dir='ltr'>omnibus</span> <span class='ocrx_word' id='word_1_1020' title='bbox 268 5667 358 5734; x_wconf 88' lang='lat' dir='ltr'>gestis</span> <span class='ocrx_word' id='word_1_1021' title='bbox 368 5669 467 5739; x_wconf 92' lang='lat' dir='ltr'>ipsum</span> <span class='ocrx_word' id='word_1_1022' title='bbox 481 5672 583 5729; x_wconf 87' lang='lat' dir='ltr'>dicant</span> <span class='ocrx_word' id='word_1_1023' title='bbox 597 5678 761 5739; x_wconf 87' lang='lat' dir='ltr'>auctorem,</span> <span class='ocrx_word' id='word_1_1024' title='bbox 774 5688 843 5731; x_wconf 91' lang='lat' dir='ltr'>oum</span> <span class='ocrx_word' id='word_1_1025' title='bbox 859 5675 896 5732; x_wconf 92' lang='lat' dir='ltr'>sit</span> <span class='ocrx_word' id='word_1_1026' title='bbox 907 5680 936 5732; x_wconf 91' lang='lat' dir='ltr'>et</span> <span class='ocrx_word' id='word_1_1027' title='bbox 1022 5685 1029 5716; x_wconf 84' lang='lat'><strong>¹</strong></span> <span class='ocrx_word' id='word_1_1028' title='bbox 1047 5683 1086 5732; x_wconf 87' lang='lat' dir='ltr'>lta</span> <span class='ocrx_word' id='word_1_1029' title='bbox 1099 5681 1143 5732; x_wconf 88' lang='lat' dir='ltr'>tls.</span> <span class='ocrx_word' id='word_1_1030' title='bbox 1154 5682 1333 5735; x_wconf 84' lang='lat' dir='ltr'>colbertinus.</span> <span class='ocrx_word' id='word_1_1031' title='bbox 1346 5686 1379 5735; x_wconf 84' lang='grc' dir='ltr'>ιιι</span> <span class='ocrx_word' id='word_1_1032' title='bbox 1392 5682 1466 5742; x_wconf 86' lang='lat' dir='ltr'>editi,</span> <span class='ocrx_word' id='word_1_1033' title='bbox 1478 5684 1570 5737; x_wconf 71' lang='lat' dir='ltr'>cocisn</span> 
     </span>
    </p>
   </div>
   <div class='ocr_carea' id='block_1_8' title="bbox 0 0 1980 6150">
    <p class='ocr_par' dir='ltr' id='par_1_9' title="bbox 0 0 1980 6150">
     <span class='ocr_line' id='line_1_145' title="bbox 0 0 1980 6150; baseline 0 0"><span class='ocrx_word' id='word_1_1034' title='bbox 0 0 1980 6150; x_wconf 95' lang='lat' dir='ltr'> </span> 
     </span>
    </p>
   </div>
  </div>
 </body>
</html>
