3952 6150
106 227 188 294 sam
222 200 225 205 ’
691 225 926 290 rasurarue
946 222 1039 288 nxu.
1062 224 1192 290 ussus
1214 224 1295 290 ιιιι.
1805 234 1883 301 raon

109 365 233 424 brorum
248 382 382 437 suorum,
393 363 661 425 attotiuslicelesiae
671 379 731 420 sua
742 362 862 420 dilector
871 365 969 419 osten·
1024 374 1092 418 cum
1107 360 1497 421 videasecontrariodatum
1507 365 1745 439 Paulosngelum
1761 368 1883 434 diaboli,

110 455 194 512 ditur
207 455 222 511 i
236 457 292 514 Sed
309 457 439 529 prolecto
454 456 526 513 latet
548 455 597 512 hic
611 452 735 526 aliquid,
750 458 779 510 et
795 453 920 524 pertinet
934 452 970 508 ad
1025 466 1076 523 per
1088 467 1176 524 quam
1189 451 1374 524 perficeretur
1384 453 1414 509 in
1427 453 1567 511 christo?
1582 458 1627 512 lta
1637 463 1664 513 et
1675 459 1752 514 malo
1772 459 1883 517 bonum

113 544 214 602 sinum
226 546 257 601 in
268 563 326 618 quo
337 547 525 603 recumbebat
538 546 590 618 qui
605 543 793 601 istadicebat.
811 547 862 598 Per
871 541 970 598 sinum
1025 538 1128 607 obluit,
1145 544 1174 597 et
1188 541 1299 597 malum
1314 543 1389 599 bano
1406 544 1524 615 proluit.
1542 544 1742 602 Recordamini
1758 547 1835 604 unde
1846 548 1885 604 ait

115 632 224 706 quippe
240 636 311 707 quid
327 634 511 709 significatur
525 634 604 691 aliud
621 649 710 705 quarn
734 628 901 689 secretumi
916 631 970 687 san
1025 628 1179 700 scriptum.
1197 630 1364 704 Quicumque
1378 633 1584 690 manducaverit
1596 650 1706 706 paoem,
1722 635 1884 692 caeciderit

115 724 195 781 aliud
225 730 271 782 cat
296 728 488 799 opportunior
515 724 607 795 locus,
640 723 687 780 ubi
718 723 802 781 uobis
832 722 972 777 Dominus
1025 718 1144 775 calicem
1159 720 1472 794 lloraiaiiadipne,reus
1487 726 1679 795 critcorporie
1698 726 1884 795 ctaoapaiav'e

115 814 229 887 aliquid
253 815 340 873 donet
361 817 396 874 ds
425 816 480 874 hoc
516 819 637 885 secrato,
667 818 806 886 quantum
834 811 972 879 suitleist,
1026 807 1138 864 Domini
1152 810 1174 879 (1
1189 810 1250 867 Gor.
1266 827 1306 882 xi,
1320 813 1377 884 21).
1394 813 1428 869 Et
1442 814 1477 869 da
1492 813 1538 869 hle
1549 822 1609 870 orat
1623 830 1729 883 sermo,
1745 832 1813 873 cum
1830 815 1886 872 hoc

115 904 222 961 dicare.
787 942 803 966 ,
1026 897 1182 971 Apostolus
1194 899 1313 972 diceret,
1330 903 1381 975 qui
1395 902 1629 977 Domini-corpus
1644 904 1724 961 velut
1739 905 1828 963 allum
1845 904 1885 962 ci·

150 993 179 1048 6.
195 992 296 1050 Inaait
317 1009 381 1066 erpo
403 992 498 1051 Simon
512 994 623 1061 Petrae,
637 996 665 1048 et
691 990 760 1048 dicit
781 989 819 1047 ci.
841 987 974 1046 Notanda
1027 989 1096 1046 bum
1112 991 1272 1062 quemlibet
1286 992 1444 1050 indiscrete
1459 993 1699 1068 negligenterque
1718 996 1884 1067 sumebant,

115 1083 225 1139 locutio
236 1090 293 1153 est,
303 1083 361 1139 dici
371 1083 482 1155 aliquid
491 1100 548 1139 non
557 1084 698 1149 sonando,
709 1081 760 1138 sed
771 1078 974 1136 tantummodo
1029 1079 1080 1135 llic
1095 1095 1163 1151 argo
1179 1080 1203 1137 si
1215 1082 1371 1155 corripitur
1385 1083 1435 1154 qui
1447 1100 1504 1141 non
1519 1084 1671 1156 dijudicat,
1688 1086 1742 1144 hoc
1756 1091 1810 1156 est,
1827 1102 1886 1145 noa

115 1174 287 1230 innuendo:
303 1174 408 1239 locut,
426 1173 533 1244 inquit,
549 1181 574 1229 et
588 1172 675 1240 dicit,·
700 1172 803 1243 ntique
826 1167 975 1225 innuendo
1030 1168 1170 1225 discernit
1198 1187 1215 1227 ι
1243 1172 1355 1228 catoris
1376 1172 1449 1229 cibis
1468 1174 1654 1232 Dominicum
1675 1193 1797 1249 corpus3
1827 1192 1885 1249 quo

116 1260 199 1318 dicit.
216 1261 247 1319 Si
263 1261 342 1318 anim
367 1260 523 1335 cogitando
545 1260 656 1332 aliquid
671 1260 788 1325 dicitur,
805 1258 883 1316 sicut
898 1255 976 1315 Scri·
1031 1259 1118 1315 modo
1134 1260 1291 1317 damnatur
1305 1260 1314 1294 ¹
1331 1262 1398 1333 quid
1415 1263 1451 1318 ad
1466 1264 1531 1335 ejus
1544 1281 1675 1322 mensam
1687 1265 1886 1338 fingensami·

117 1356 206 1423 ptura
220 1350 362 1425 loquitur,
378 1353 517 1409 dicerunt
530 1352 770 1424 opadvsmetipeov
785 1351 865 1422 (Sap.
882 1364 914 1416 ιι,
930 1350 975 1422 ι);
1031 1366 1109 1419 cum,
1125 1353 1234 1409 accedit
1249 1351 1411 1410 inimicust
1422 1353 1450 1409 Si
1466 1358 1886 1431 reprehensionetaugiturne-

119 1443 346 1515 quantomagis
377 1442 538 1512 innuendo,
564 1444 613 1499 ubi
634 1444 698 1513 jam
727 1442 804 1499 lonas
822 1439 978 1512 qualibus-
1031 1440 1169 1513 gligentia
1184 1443 1373 1514 convivantis,
1390 1460 1453 1514 qua
1469 1462 1554 1517 poena
1577 1445 1737 1518 perculitur
1756 1451 1887 1509 venditor

119 1517 977 1605 numquesignispromiturqundinaratcordeconceptum?
1032 1531 1283 1597 invitantis‘lQuid
1294 1538 1463 1591 eratautem
1475 1536 1560 1607 panis
1571 1538 1705 1593 traditori
1720 1539 1816 1609 datus,
1827 1540 1886 1598 nisi
1948 1598 1952 1607 ,

119 1623 193 1687 Ouid
208 1636 278 1694 ergo
292 1621 365 1678 dixit
379 1622 527 1678 innoundo
541 1622 555 1677 ‘l
569 1620 653 1689 Ouid,
668 1621 724 1677 nisi
738 1619 979 1691 quodsequltnrt
1033 1619 1243 1678 demonstratio
1258 1621 1305 1678 cui
1320 1624 1417 1695 gratiae
1430 1623 1534 1682 luisset
1553 1624 1710 1698 ingratus?

120 1712 194 1780 Quid
208 1720 248 1768 eet
261 1712 295 1768 de
309 1712 435 1784 prodicit
449 1715 464 1768 l
477 1711 542 1768 Hac
557 1714 642 1768 verba
656 1712 759 1768 Petrus
776 1711 891 1778 innuit,
911 1709 979 1783 quia
1068 1713 1096 1766 2.
1112 1710 1232 1767 Intravit
1245 1727 1314 1785 ergo
1334 1712 1493 1785 posthunc
1514 1731 1620 1786 panem
1636 1721 1754 1775 satanas
1774 1719 1804 1776 in
1831 1721 1887 1777 [to-

121 1818 180 1858 non
195 1817 268 1859 sono
283 1802 373 1873 vocis,
387 1801 439 1859 sad
455 1809 535 1858 motu
557 1801 687 1873 corporis
701 1800 784 1857 dixit.
808 1802 903 1871 ltaque
916 1817 978 1855 oum
1034 1800 1107 1857 mini
1122 1802 1298 1868 traditorem,
1312 1810 1344 1858 ut
1364 1802 1420 1859 sibi
1432 1804 1495 1875 jam
1509 1805 1649 1863 traditum
1665 1806 1781 1879 plenius
1793 1809 1886 1882 possi-

119 1890 288 1948 rccatae'eeat
298 1890 350 1949 ills
360 1907 444 1963 supro
457 1899 550 1963 pereae
563 1892 637 1948 tera.
651 1891 704 1947 llic
719 1899 765 1948 est
778 1891 877 1962 utiquc
886 1896 978 1961 pecto.
1033 1889 1123 1959 deret,
1146 1891 1177 1947 in
1191 1907 1276 1961 quem
1299 1891 1380 1961 prius
1394 1893 1552 1950 intraverat
1567 1903 1597 1950 ut
1619 1897 1775 1968 deciperet.
1787 1897 1887 1971 Neque

120 1980 163 2037 ris
177 1980 275 2050 sinus,
286 1981 437 2053 sapientia
457 1988 612 2037 secretum.
635 1979 746 2037 liicv'tsi
755 1997 765 2036 .·
782 1979 907 2048 llomiae,
917 1978 979 2052 puis
1032 1981 1111 2038 anim
1127 1997 1186 2037 non
1197 1982 1227 2037 in
1242 1980 1293 2036 illo
1308 1987 1370 2038 erat
1385 1985 1501 2054 quando
1519 1986 1643 2056 perrexit
1663 1985 1842 2060 adludens,
1857 1992 1889 2045 st

119 2075 159 2125 eet
174 2072 188 2124 l
202 2069 347 2141 Respondit
368 2069 445 2126 levae
460 2086 470 2125 :
492 2069 543 2126 ltte
565 2074 605 2126 eet
618 2069 664 2125 cui
684 2085 731 2141 eoo
746 2071 864 2126 tinctam
877 2084 978 2140 ponem
1031 2070 1067 2127 de
1082 2071 1173 2143 pretio
1187 2072 1311 2127 tradenti
1326 2071 1442 2128 Domini
1458 2080 1558 2145 pactus
1570 2083 1624 2143 cet,
1640 2092 1707 2132 cum
1723 2076 1784 2134 hac
1795 2092 1888 2150 ,aper-

118 2174 277 2232 porreoecro.
294 2160 402 2215 Etcum
424 2161 554 2216 tinxisset
576 2176 686 2231 ponem,
705 2159 868 2216 deditdudc
883 2159 978 2216 Simo-
1032 2160 1145 2219 tissime
1159 2163 1253 2218 Lucas
1277 2161 1456 2235 evangelista
1469 2168 1591 2220 testetur
1605 2169 1634 2220 et
1648 2165 1744 2221 dieat:
1766 2167 1887 2224 Intravit

119 2248 166 2302 aie
177 2248 324 2304 iscariotes.
340 2248 372 2303 dr
382 2255 446 2318 poet
459 2263 570 2319 ponem,
582 2250 779 2304 lanctatroioit
792 2251 822 2302 ta
837 2248 918 2303 illum
931 2262 976 2303 eo·
1030 2260 1122 2310 cuum
1135 2260 1248 2308 entoace
1261 2251 1292 2307 ia
1308 2253 1420 2323 dadam,
1441 2253 1489 2324 uui
1511 2256 1758 2324 coenominctotur
1771 2258 1888 2313 leceriu-

117 2340 209 2394 toane.
225 2337 388 2409 lixprassns
403 2340 449 2394 ast
472 2337 606 2408 traditor,
622 2339 738 2394 nudata
767 2343 837 2394 sunt
861 2338 976 2396 latebras
1031 2349 1081 2409 tea,
1099 2358 1186 2399 onum
1205 2342 1238 2398 de
1256 2342 1400 2398 duodecim
1414 2361 1425 2410 ,·
1450 2350 1476 2397 et
1495 2344 1576 2410 obiit,
1597 2349 1623 2400 et
1638 2345 1741 2400 locatae
1763 2355 1803 2401 ert
1823 2361 1888 2403 cum
1965 2398 1968 2403 .

118 2427 319 2485 tenebrarum.
335 2429 446 2485 Βιιιιιιιι
462 2431 508 2484 ιιι
525 2426 604 2500 quod
628 2429 749 2501 accepit.
765 2429 814 2485 sed
831 2429 908 2485 malo
922 2444 975 2485 suo
1028 2432 1203 2505 principibus
1226 2431 1397 2488 secerdotum
1424 2432 1498 2502 (Lac.
1522 2434 1712 2507 xx11,3etl).
1731 2434 1803 2493 lices
1836 2434 1887 2491 ubi

117 2519 239 2589 accepit,
256 2518 326 2590 quio
341 2517 414 2573 mala
435 2517 543 2575 bonum
560 2517 654 2574 malus
677 2518 799 2590 accepit.
816 2517 922 2574 Verum
938 2519 975 2574 dc
1029 2521 1193 2580 ostenditur
1207 2522 1286 2593 quod
1306 2525 1369 2594 jam
1384 2523 1543 2579 intraverat
1570 2527 1687 2580 satanas
1710 2523 1740 2579 in
1768 2525 1886 2581 tudam.
1911 2572 1914 2577 .

115 2607 176 2665 isto
189 2623 266 2680 panc
281 2607 371 2663 tlncto
382 2607 433 2678 qui
447 2613 598 2679 porrectus
614 2613 660 2664 est
670 2608 747 2678 llcto,
762 2614 790 2665 al
803 2609 838 2665 de
853 2608 899 2666 his
909 2624 973 2681 qua
1029 2609 1114 2667 Prius
1129 2625 1196 2680 ergo
1211 2610 1377 2676 intraverat,
1393 2608 1575 2667 immittendo
1591 2610 1621 2667 in
1637 2627 1687 2666 cor
1701 2612 1766 2682 ejus
1778 2612 1887 2684 cogita·

116 2696 399 2771 sequuntur,multa
409 2697 533 2754 dicenda
548 2705 617 2754 sunt
633 2715 641 2753 z
657 2697 765 2771 quibus
777 2699 973 2756 necessarium
1028 2700 1137 2757 tionem
1151 2715 1209 2770 qua
1224 2701 1350 2756 traderet
1364 2698 1511 2755 Christum
1528 2716 1535 2755 ι
1552 2700 1619 2757 talis
1634 2700 1713 2758 enirn
1726 2703 1789 2772 ism
1804 2715 1888 2758 rena·

117 2795 161 2844 est
175 2786 241 2860 plus
255 2788 406 2859 temporis,
425 2802 513 2859 quam
529 2787 833 2860 nunchabcmusjam
847 2788 974 2845 mintius
1028 2794 1073 2846 rat
1088 2790 1124 2846 ad
1139 2789 1324 2846 ooenandnm.
1341 2787 1425 2845 Nunc
1439 2794 1537 2845 autam
1553 2798 1620 2862 post
1637 2805 1742 2862 panem
1763 2789 1882 2848 intrarit

118 2875 177 2934 line
191 2875 353 2934 sermonis.
1028 2881 1058 2936 in
1073 2895 1152 2949 eum,
1169 2896 1227 2935 non
1243 2884 1274 2935 ut
1293 2878 1388 2936 adhuc
1407 2877 1536 2935 alienum
1552 2884 1687 2949 tentaret,
1703 2881 1754 2938 sad
1768 2886 1801 2937 ut
1813 2897 1883 2954 pro·

385 3002 596 3060 TRACTATUS
616 3004 699 3060 Lm
1028 2970 1127 3041 prium
1143 2968 1317 3039 possideret.

1062 3059 1154 3115 &Non
1164 3062 1271 3124 autem,
1288 3061 1321 3112 ut
1336 3061 1439 3127 putant
1453 3057 1573 3129 qnidam
1591 3059 1768 3133 negligenter
1783 3059 1883 3134 legen·

1028 3156 1079 3209 tes.
1094 3152 1164 3203 tunc
1179 3145 1270 3202 Judas
1285 3144 1391 3201 Christi
1401 3162 1507 3216 corpus
1522 3149 1642 3220 accepit.
1656 3148 1884 3222 intelligendum

1028 3237 1160 3295 estenim
1171 3235 1465 3308 quodjamomnibus
1476 3236 1517 3291 eis
1538 3236 1729 3293 distribuerat
1742 3238 1885 3311 Domina,

1029 3328 1250 3384 Sacramentum
1265 3323 1393 3395 corporis
1408 3331 1437 3379 et
1461 3324 1613 3395 sanguinis
1629 3325 1685 3392 sui,
1711 3326 1761 3382 ubi
1776 3334 1803 3384 et
1821 3328 1885 3399 ipsa

154 3417 181 3469 t.
196 3412 272 3481 Scio,
297 3411 473 3482 charissimi,
491 3413 597 3471 morari
621 3431 707 3488 possa
723 3415 890 3485 nonnullos,
914 3416 975 3473 siva
1029 3416 1122 3474 tudae
1136 3420 1208 3482 erat,
1224 3416 1300 3472 sicut
1314 3422 1432 3471 sanctus
1446 3413 1538 3469 Lucas
1551 3414 1770 3471 evidentissime
1785 3420 1886 3473 narrat

117 3505 184 3578 pios
200 3508 234 3561 ut
248 3504 413 3575 requirant,
426 3506 645 3577 sivoimpiosut
660 3506 884 3579 reprehendant,
897 3507 975 3580 qnod
1030 3504 1121 3576 (leto,
1139 3502 1253 3575 19-21):
1269 3517 1303 3558 ac
1318 3501 1421 3557 deinde
1436 3502 1471 3557 ad
1488 3500 1542 3556 hoc
1564 3506 1682 3557 ventum
1703 3509 1758 3568 est,
1780 3501 1830 3559 ubi
1846 3517 1887 3560 ss·

119 3600 313 3668 posteaquam
337 3611 442 3667 panem
462 3600 587 3653 tinctum
608 3598 739 3655 traditori
760 3614 811 3655 suo
835 3598 977 3655 Dominus
1031 3587 1887 3664 cnnnnmnarrationemtoanniaapnrttsstmauominnsper

120 3682 212 3751 dedit,
229 3684 383 3740 intraverit
397 3683 428 3739 in
440 3683 524 3740 illum
536 3689 664 3741 satanas.
678 3685 725 3741 Sic
739 3687 818 3742 enim
834 3686 977 3758 scripturn
1032 3680 1196 3740 buccellam
1211 3680 1332 3736 tinctam
1352 3684 1440 3751 atqua
1461 3690 1621 3751 porrectam
1642 3696 1730 3737 suum
1754 3680 1889 3753 exprimit

119 3778 191 3831 cst:
229 3774 267 3828 Et
286 3787 348 3827 cam
380 3775 505 3830 tinxisset
524 3789 635 3845 portem,
659 3774 735 3829 dedit
757 3778 836 3830 Judae
860 3774 979 3831 Siraoaie
1033 3772 1214 3838 traditorem,
1226 3768 1358 3826 lortssaie
1370 3784 1420 3839 per
1430 3767 1693 3840 panietinotionem
1704 3769 1784 3827 illius
1794 3771 1889 3843 signi-

120 3863 262 3919 iscariotae
273 3877 283 3921 .·
294 3869 321 3918 st
333 3870 392 3933 port
405 3878 504 3934 ponem
514 3872 580 3919 tanc
591 3865 756 3921 introiverat
768 3864 980 3920 ittumsotcaoe.
1034 3862 1127 3918 ficone
1142 3861 1289 3918 fictionem
1306 3865 1328 3917 ².
1352 3859 1415 3916 Non
1430 3861 1508 3916 enim
1524 3861 1624 3917 omnia
1638 3878 1704 3934 quae
1724 3863 1889 3935 tinguntur,

121 3950 231 4009 Dicunt
244 3952 339 4009 enim:
352 3952 433 4008 ltans
446 3953 499 4009 laco
509 3953 614 4009 meruit
622 3955 705 4026 panis
715 3953 821 4011 Christi
832 3960 980 4026 porrectus
1035 3950 1197 4008 abluuntur
1212 3967 1220 4019 ;
1236 3947 1327 4020 sedpt
1342 3947 1520 4016 inficiantur,
1533 3951 1675 4007 nonnulla
1690 3951 1851 4023 tinguntur.
1861 3953 1890 4006 si

123 4048 164 4101 de
178 4055 280 4099 mensa
293 4040 415 4110 Christi,
431 4046 462 4097 ut
473 4047 540 4113 post
550 4040 803 4100 illumintraretin
818 4045 883 4116 ejus
896 4043 983 4100 disci·
1036 4041 1253 4098 autemnonum
1265 4037 1375 4109 aliquid
1385 4035 1805 4109 hicsignificattinctio,eidcm
1815 4041 1891 4097 bono

122 4129 227 4205 putum
238 4131 729 4203 satanaelQuibnsreepondemus,
743 4133 812 4191 hino
822 4152 875 4193 nos
885 4139 983 4209 potins
1037 4129 1184 4202 ingratum
1201 4142 1259 4184 11⁰⁰
1278 4126 1424 4182 immerito
1442 4131 1486 4182 etl
1500 4132 1598 4184 ⁸⁰⁰⁰ss
1611 4130 1771 4184 damnatio·

122 4219 222 4279 doceri
242 4236 332 4292 quam
357 4220 395 4276 eit
416 4221 578 4277 cavendum
598 4225 675 4277 male
703 4223 834 4295 accipere
861 4226 981 4285 bonurn.
1015 4218 1019 4224 ’
1073 4217 1331 4273 l.Adhuotnmen
1355 4215 1437 4272 Judae
1461 4233 1605 4287 90858880,
1627 4233 1726 4273 ῐιῡῡᾶ
1757 4216 1891 4285 D⁰mi¹102

124 4308 251 4367 llultum
266 4308 375 4381 qnippe
391 4310 521 4378 interest,
538 4325 596 4367 non
611 4309 680 4381 quid
704 4311 838 4385 accipiat,
855 4316 904 4371 sed
919 4319 985 4387 quie
1039 4311 1088 4368 sed
1105 4308 1259 4375 adinbolo,
1275 4324 1340 4363 aum
1356 4307 1469 4363 homini
1487 4309 1599 4380 ingrato
1616 4309 1754 4365 intrasset
1769 4309 1851 4379 panis
1862 4308 1891 4364 in

122 4398 269 4471 accipiat3
286 4413 339 4454 nec
354 4396 440 4469 quale
454 4397 493 4455 ιιι
503 4399 580 4469 quod
591 4399 689 4467 datur,
703 4402 754 4457 ssd
765 4403 861 4474 qualis
872 4406 911 4462 sit
922 4406 985 4479 lpse
1038 4397 1319 4465 vantram,hostisin
1330 4402 1456 4452 mentem
1468 4396 1590 4465 ;adhun,
1600 4398 1811 4468 inquam,tnnti
1822 4398 1892 4454 mali

123 4490 171 4546 cui
182 4488 279 4545 datur.
291 4487 364 4545 Nam
376 4496 404 4544 et
416 4489 488 4547 bons
498 4488 616 4555 obsunt,
627 4494 657 4543 et
667 4491 744 4546 mula
760 4498 893 4565 prosunt,
908 4497 986 4554 siout
1036 4491 1098 4562 J'tm
1117 4488 1202 4544 corde
1219 4484 1350 4556 concepti
1375 4486 1477 4554 plenus
1503 4486 1630 4542 restabat
1654 4486 1782 4555 ollactus,
1808 4488 1894 4559 enjus

123 4577 489 4649 fuerintquibusdanlur.
521 4579 679 4647 Peccatum,
700 4580 983 4655 inquit-Apostolus,
1036 4582 1099 4651 lam
1129 4580 1316 4649 precesserat
1338 4575 1521 4631 damnandus
1545 4574 1675 4632 allectus.
1702 4577 1800 4646 ltaque
1827 4593 1895 4634 curn

123 4673 476 4740 stepporectpeccctum,
499 4682 547 4739 per
573 4666 673 4723 donum
695 4669 767 4726 miti
789 4679 986 4742 operatam
1040 4666 1182 4724 llominue
1197 4664 1379 4736 panisvirus
1401 4679 1502 4736 panem
1530 4671 1643 4722 mortuo
1671 4666 1850 4737 tradidisset,
1866 4671 1896 4723 ct

126 4764 245 4815 mortem
263 4756 353 4825 (Rom.
379 4773 430 4827 vn,
459 4757 515 4828 13).
540 4758 612 4814 llcos
628 4758 800 4829 perbonam
816 4762 986 4821 factumest
1040 4771 1144 4830 panem
1159 4754 1299 4810 tradendo
1315 4753 1400 4825 panis
1416 4752 1587 4811 traditorem
1603 4756 1802 4812 ostendisset:
1819 4755 1896 4825 Quod

127 4847 252 4916 mdum,
269 4848 338 4903 dum
349 4847 708 4919 malcaccipiturbonum.
721 4849 983 4924 ltamqueipseail,
1039 4846 1118 4919 ιαΰίι,
1144 4844 1249 4915 inquil,
1276 4845 1323 4913 lat
1338 4844 1430 4899 tillut·
1445 4846 1510 4899 N⁰11
1533 4845 1671 4917 prfflctpil
1699 4846 1827 4912 latissussi
1843 4846 1895 4901 ⁸⁰d

130 4960 146 4990 a
164 4940 195 4993 ln
211 4935 414 5009 magnitudine
429 4938 639 4995 revelationum
656 4955 785 4996 mearum
805 4958 840 4998 ns
855 4943 984 5012 extollar,
1042 4935 1266 5012 predixittudnn
1279 4934 1400 5005 malum,
1411 4935 1496 4992 noibs
1508 4937 1627 4992 bonum.
1639 4937 1712 5001 Quid
1724 4934 1898 4992 enim-ludes

126 5030 218 5085 datus
231 5032 276 5083 ast
291 5025 362 5083 mihi
377 5025 515 5084 stimulus
529 5027 628 5085 carnis
642 5045 724 5096 mes,
741 5032 863 5101 angelus
879 5041 986 5092 satana
1042 5030 1137 5102 pejus,
1152 5034 1181 5084 et
1196 5026 1265 5100 quid
1283 5025 1367 5083 nobis
1384 5025 1488 5083 melius
1504 5043 1589 5100 quam
1606 5027 1727 5082 traditus
1754 5025 1896 5090 Christus.

127 5116 179 5190 qni
195 5131 243 5172 me
253 5113 425 5187 colaphiset.
437 5115 644 5187 Proptsrquod
657 5117 866 5176 terDominum
878 5123 986 5194 rogavi,
1042 5120 1078 5176 ab
1095 5118 1143 5176 illo
1159 5118 1298 5175 adversus
1310 5116 1403 5188 illum,
1419 5133 1470 5189 pro
1485 5118 1569 5173 nobis
1581 5122 1685 5187 praeter
1696 5116 1803 5172 illumi
1818 5117 1898 5185 Quod

127 5203 987 5283 utauferrotsumame‚etdixitmilni:Sollicittibigra·
1039 5209 1179 5278 faciasne
1200 5205 1329 5263 citica0
1355 5205 1473 5262 verbum
1504 5206 1643 5261 libentius
1669 5206 1774 5276 parati,
1808 5222 1898 5279 quam

128 5297 170 5352 ιιι
184 5309 269 5362 mea3
286 5291 457 5350 namvlrtua
468 5292 498 5349 in
509 5293 672 5350 inlirmitsta
684 5295 831 5367 perficitur
847 5319 861 5346 n
874 5298 910 5369 (ll
922 5300 985 5358 Gor.
1041 5295 1107 5368 irati
1125 5295 1131 5351 l
1148 5312 1165 5351 o
1180 5295 1298 5351 verbum
1315 5312 1372 5352 non
1384 5298 1444 5350 tam
1459 5310 1575 5364 poenam
1586 5294 1751 5365 exprimens
1771 5296 1898 5368 prodito·

128 5401 182 5453 xm,
196 5384 267 5456 7-9).
291 5382 364 5440 Eone
388 5399 439 5456 per
462 5384 573 5442 malum
588 5383 698 5442 lactum
714 5390 760 5441 est
775 5385 897 5459 bonum,
917 5390 987 5447 dum

129 5478 206 5534 hene
218 5471 362 5545 accipitur
375 5471 499 5530 molum.
516 5473 590 5540 Quid
604 5488 670 5545 argo
684 5475 802 5532 miraris
813 5476 837 5533 si
851 5478 937 5536 datus
947 5486 990 5538 est
1075 5456 1325 5584 ζῇξεθῗιζξῖᾳῗέἶ·
1335 5454 1853 5589 ffilfflffhlffwgss‘ffs”ggnzffiass'ggt
1867 5537 1900 5574 ΘΧ

127 5566 213 5626 tune
229 5560 315 5637 panis
325 5560 442 5632 christi,
457 5578 509 5636 per
519 5577 607 5637 quem
617 5564 838 5639 manciparetur
852 5567 988 5645 diahol03
1043 5585 1130 5636 ursae.
1145 5582 1186 5645 61,
1203 5596 1230 5636 n.
1243 5584 1268 5634 t.

298 5660 431 5727 varana.
453 5662 573 5730 XXXV.
1447 5677 1739 5760 (cinnoente-sept.)

117 3108 155 3164 rt
168 3121 199 3164 eo
213 3106 285 3180 qaod
298 3106 434 3180 scriptam
446 3111 495 3178 eet,
512 3108 545 3165 ιιι
555 3124 621 3166 cum
637 3109 772 3167 tinxisset
788 3125 903 3182 panem,
919 3111 972 3167 de·

154 3198 198 3253 dit
210 3196 294 3254 Judac
310 3216 318 3266 ς
334 3196 615 3270 opusculorum
630 3200 808 3258 clarificatus
823 3205 868 3257 est
882 3198 973 3257 l'ilius

153 3286 296 3344 hominis.
314 3285 378 3361 Cap,
393 3302 456 3350 xur,
474 3288 500 3357 y.
516 3288 608 3344 26-31.
