<?xml version="1.0" encoding="UTF-8"?>
<!DOCTYPE html PUBLIC "-//W3C//DTD XHTML 1.0 Transitional//EN"
    "http://www.w3.org/TR/xhtml1/DTD/xhtml1-transitional.dtd">
<html xmlns="http://www.w3.org/1999/xhtml" xml:lang="en" lang="en">
 <head>
  <title>
</title>
<meta http-equiv="Content-Type" content="text/html;charset=utf-8" />
  <meta name='ocr-system' content='tesseract 3.04.00' />
  <meta name='ocr-capabilities' content='ocr_page ocr_carea ocr_par ocr_line ocrx_word'/>
</head>
<body>
  <div class='ocr_page' id='page_1' title='image "./patrologiaecurs07saingoog/patrologiaecurs07saingoog_0486.png"; bbox 0 0 3952 6150; ppageno 0'>
   <div class='ocr_carea' id='block_1_1' title="bbox 127 180 199 243">
    <p class='ocr_par' dir='ltr' id='par_1_1' title="bbox 127 180 199 243">
     <span class='ocr_line' id='line_1_1' title="bbox 127 180 199 243; baseline -0.014 -1"><span class='ocrx_word' id='word_1_1' title='bbox 127 180 199 243; x_wconf 69' lang='lat'><em>2273</em></span> 
     </span>
    </p>
   </div>
   <div class='ocr_carea' id='block_1_2' title="bbox 120 310 955 4806">
    <p class='ocr_par' dir='ltr' id='par_1_2' title="bbox 122 310 952 1239">
     <span class='ocr_line' id='line_1_2' title="bbox 128 310 951 384; baseline 0 -15"><span class='ocrx_word' id='word_1_2' title='bbox 128 310 256 382; x_wconf 75' lang='lat' dir='ltr'><em>Vigilate,</em></span> <span class='ocrx_word' id='word_1_3' title='bbox 269 317 294 367; x_wconf 88' lang='lat' dir='ltr'><em>et</em></span> <span class='ocrx_word' id='word_1_4' title='bbox 307 316 391 377; x_wconf 88' lang='lat' dir='ltr'><em>orate,</em></span> <span class='ocrx_word' id='word_1_5' title='bbox 415 326 450 367; x_wconf 90' lang='lat' dir='ltr'><em>ne</em></span> <span class='ocrx_word' id='word_1_6' title='bbox 474 311 582 368; x_wconf 79' lang='lat' dir='ltr'><em>intretis</em></span> <span class='ocrx_word' id='word_1_7' title='bbox 597 312 626 368; x_wconf 87' lang='lat' dir='ltr'><em>in</em></span> <span class='ocrx_word' id='word_1_8' title='bbox 651 312 826 370; x_wconf 76' lang='lat' dir='ltr'><em>tentationem</em></span> <span class='ocrx_word' id='word_1_9' title='bbox 840 313 951 384; x_wconf 82' lang='lat' dir='ltr'><em>(hlottlv.</em></span> 
     </span>
     <span class='ocr_line' id='line_1_3' title="bbox 122 382 951 457; baseline 0.001 -17"><span class='ocrx_word' id='word_1_10' title='bbox 122 398 204 449; x_wconf 79' lang='lat' dir='ltr'><em>xxvi,</em></span> <span class='ocrx_word' id='word_1_11' title='bbox 218 382 276 456; x_wconf 78' lang='lat' dir='ltr'><em>ll).</em></span> <span class='ocrx_word' id='word_1_12' title='bbox 294 385 325 438; x_wconf 83' lang='lat' dir='ltr'><em>iit</em></span> <span class='ocrx_word' id='word_1_13' title='bbox 341 386 423 439; x_wconf 83' lang='lat' dir='ltr'><em>Petro</em></span> <span class='ocrx_word' id='word_1_14' title='bbox 435 383 506 440; x_wconf 90' lang='lat' dir='ltr'><em>dicit</em></span> <span class='ocrx_word' id='word_1_15' title='bbox 530 401 537 439; x_wconf 89' lang='lat'><strong>:</strong></span> <span class='ocrx_word' id='word_1_16' title='bbox 553 384 622 440; x_wconf 85' lang='lat' dir='ltr'><em>Ecce</em></span> <span class='ocrx_word' id='word_1_17' title='bbox 636 392 745 441; x_wconf 82' lang='lat' dir='ltr'><em>satanae</em></span> <span class='ocrx_word' id='word_1_18' title='bbox 759 386 951 457; x_wconf 72' lang='lat' dir='ltr'><em>expostulavit,</em></span> 
     </span>
     <span class='ocr_line' id='line_1_4' title="bbox 124 454 950 529; baseline 0.001 -17"><span class='ocrx_word' id='word_1_19' title='bbox 124 462 156 513; x_wconf 83' lang='lat' dir='ltr'><em>vt</em></span> <span class='ocrx_word' id='word_1_20' title='bbox 166 470 211 510; x_wconf 82' lang='lat' dir='ltr'><em>oos</em></span> <span class='ocrx_word' id='word_1_21' title='bbox 224 454 334 510; x_wconf 76' lang='lat' dir='ltr'><em>ventilet</em></span> <span class='ocrx_word' id='word_1_22' title='bbox 343 455 412 510; x_wconf 85' lang='lat' dir='ltr'><em>sient</em></span> <span class='ocrx_word' id='word_1_23' title='bbox 423 455 544 511; x_wconf 87' lang='lat' dir='ltr'><em>triticam</em></span> <span class='ocrx_word' id='word_1_24' title='bbox 559 473 567 510; x_wconf 91' lang='lat'>:</span> <span class='ocrx_word' id='word_1_25' title='bbox 580 472 626 528; x_wconf 75' lang='lat' dir='ltr'><em>eoo</em></span> <span class='ocrx_word' id='word_1_26' title='bbox 640 464 729 512; x_wconf 87' lang='lat' dir='ltr'><em>oatem</em></span> <span class='ocrx_word' id='word_1_27' title='bbox 743 457 838 528; x_wconf 77' lang='lat' dir='ltr'><em>rogavi</em></span> <span class='ocrx_word' id='word_1_28' title='bbox 849 474 901 529; x_wconf 89' lang='lat' dir='ltr'><em>pro</em></span> <span class='ocrx_word' id='word_1_29' title='bbox 915 465 950 523; x_wconf 90' lang='lat' dir='ltr'><em>te,</em></span> 
     </span>
     <span class='ocr_line' id='line_1_5' title="bbox 123 525 952 599; baseline 0.002 -17"><span class='ocrx_word' id='word_1_30' title='bbox 123 532 216 582; x_wconf 86' lang='lat' dir='ltr'><em>ntnon</em></span> <span class='ocrx_word' id='word_1_31' title='bbox 230 525 338 597; x_wconf 72' lang='lat' dir='ltr'><em>deficiat</em></span> <span class='ocrx_word' id='word_1_32' title='bbox 348 526 412 596; x_wconf 80' lang='lat' dir='ltr'><em>fides</em></span> <span class='ocrx_word' id='word_1_33' title='bbox 426 531 488 582; x_wconf 90' lang='lat' dir='ltr'><em>tna:</em></span> <span class='ocrx_word' id='word_1_34' title='bbox 504 534 529 582; x_wconf 92' lang='lat' dir='ltr'><em>et</em></span> <span class='ocrx_word' id='word_1_35' title='bbox 545 533 575 583; x_wconf 86' lang='lat' dir='ltr'><em>tn</em></span> <span class='ocrx_word' id='word_1_36' title='bbox 588 529 736 599; x_wconf 84' lang='lat' dir='ltr'><em>aliqnando</em></span> <span class='ocrx_word' id='word_1_37' title='bbox 748 544 952 585; x_wconf 85' lang='lat' dir='ltr'><em>eonoerrnsoon·</em></span> 
     </span>
     <span class='ocr_line' id='line_1_6' title="bbox 122 598 951 672; baseline 0.005 -20"><span class='ocrx_word' id='word_1_38' title='bbox 122 599 206 670; x_wconf 77' lang='lat' dir='ltr'><em>firma</em></span> <span class='ocrx_word' id='word_1_39' title='bbox 217 599 322 668; x_wconf 76' lang='lat' dir='ltr'><em>tratres</em></span> <span class='ocrx_word' id='word_1_40' title='bbox 341 605 399 652; x_wconf 85' lang='lat' dir='ltr'><em>taor</em></span> <span class='ocrx_word' id='word_1_41' title='bbox 415 598 492 667; x_wconf 80' lang='lat' dir='ltr'><em>(huo.</em></span> <span class='ocrx_word' id='word_1_42' title='bbox 512 615 583 661; x_wconf 77' lang='lat' dir='ltr'><em>aaa,</em></span> <span class='ocrx_word' id='word_1_43' title='bbox 599 600 643 666; x_wconf 90' lang='lat' dir='ltr'><em>3l,</em></span> <span class='ocrx_word' id='word_1_44' title='bbox 658 601 717 671; x_wconf 69' lang='lat'><strong>32).</strong></span> <span class='ocrx_word' id='word_1_45' title='bbox 733 600 807 666; x_wconf 83' lang='lat' dir='ltr'><em>Quid</em></span> <span class='ocrx_word' id='word_1_46' title='bbox 825 600 951 672; x_wconf 88' lang='lat' dir='ltr'><em>ambigi·</em></span> 
     </span>
     <span class='ocr_line' id='line_1_7' title="bbox 124 668 951 742; baseline 0.002 -17"><span class='ocrx_word' id='word_1_47' title='bbox 124 670 195 726; x_wconf 85' lang='lat' dir='ltr'><em>turl</em></span> <span class='ocrx_word' id='word_1_48' title='bbox 206 673 260 724; x_wconf 85' lang='lat' dir='ltr'><em>l’ro</em></span> <span class='ocrx_word' id='word_1_49' title='bbox 272 668 353 725; x_wconf 88' lang='lat' dir='ltr'><em>Petro</em></span> <span class='ocrx_word' id='word_1_50' title='bbox 360 670 496 738; x_wconf 89' lang='lat' dir='ltr'><em>rogabat,</em></span> <span class='ocrx_word' id='word_1_51' title='bbox 510 679 536 726; x_wconf 92' lang='lat' dir='ltr'><em>et</em></span> <span class='ocrx_word' id='word_1_52' title='bbox 547 672 720 742; x_wconf 88' lang='lat' dir='ltr'><em>protacobo</em></span> <span class='ocrx_word' id='word_1_53' title='bbox 732 679 759 727; x_wconf 89' lang='lat' dir='ltr'><em>et</em></span> <span class='ocrx_word' id='word_1_54' title='bbox 769 673 951 728; x_wconf 86' lang='lat' dir='ltr'><em>toenneuon</em></span> 
     </span>
     <span class='ocr_line' id='line_1_8' title="bbox 122 742 951 810; baseline 0.002 -13"><span class='ocrx_word' id='word_1_55' title='bbox 122 743 310 810; x_wconf 68' lang='lat' dir='ltr'><em>rogabatur</em></span> <span class='ocrx_word' id='word_1_56' title='bbox 334 747 457 797; x_wconf 80' lang='lat' dir='ltr'><em>caeteros</em></span> <span class='ocrx_word' id='word_1_57' title='bbox 482 743 631 798; x_wconf 87' lang='lat' dir='ltr'><em>taceam‘l</em></span> <span class='ocrx_word' id='word_1_58' title='bbox 655 742 843 800; x_wconf 76' lang='lat' dir='ltr'><em>Manifestum</em></span> <span class='ocrx_word' id='word_1_59' title='bbox 858 748 902 798; x_wconf 89' lang='lat' dir='ltr'><em>est</em></span> <span class='ocrx_word' id='word_1_60' title='bbox 921 743 951 799; x_wconf 93' lang='lat' dir='ltr'><em>in</em></span> 
     </span>
     <span class='ocr_line' id='line_1_9' title="bbox 123 812 951 886; baseline 0.002 -18"><span class='ocrx_word' id='word_1_61' title='bbox 123 815 209 868; x_wconf 87' lang='lat' dir='ltr'><em>Petro</em></span> <span class='ocrx_word' id='word_1_62' title='bbox 221 827 326 868; x_wconf 88' lang='lat' dir='ltr'><em>omnes</em></span> <span class='ocrx_word' id='word_1_63' title='bbox 335 812 478 868; x_wconf 89' lang='lat' dir='ltr'><em>contineri</em></span> <span class='ocrx_word' id='word_1_64' title='bbox 492 830 497 868; x_wconf 95' lang='lat'>:</span> <span class='ocrx_word' id='word_1_65' title='bbox 512 814 712 883; x_wconf 88' lang='lat' dir='ltr'><em>rogansenim</em></span> <span class='ocrx_word' id='word_1_66' title='bbox 723 830 776 886; x_wconf 90' lang='lat' dir='ltr'><em>pro</em></span> <span class='ocrx_word' id='word_1_67' title='bbox 790 814 883 879; x_wconf 84' lang='lat' dir='ltr'><em>Petro,</em></span> <span class='ocrx_word' id='word_1_68' title='bbox 896 830 951 886; x_wconf 90' lang='lat' dir='ltr'><em>pro</em></span> 
     </span>
     <span class='ocr_line' id='line_1_10' title="bbox 122 884 951 957; baseline 0 -16"><span class='ocrx_word' id='word_1_69' title='bbox 122 884 266 941; x_wconf 92' lang='lat' dir='ltr'><em>omnibus</em></span> <span class='ocrx_word' id='word_1_70' title='bbox 277 884 603 953; x_wconf 88' lang='lat' dir='ltr'><em>rogasscdignoscitur.</em></span> <span class='ocrx_word' id='word_1_71' title='bbox 617 887 740 957; x_wconf 88' lang='lat' dir='ltr'><em>Semper</em></span> <span class='ocrx_word' id='word_1_72' title='bbox 748 886 865 942; x_wconf 91' lang='lat' dir='ltr'><em>enimin</em></span> <span class='ocrx_word' id='word_1_73' title='bbox 877 902 951 956; x_wconf 68' lang='lat' dir='ltr'><em>prae-</em></span> 
     </span>
     <span class='ocr_line' id='line_1_11' title="bbox 123 955 952 1081; baseline 0 -69"><span class='ocrx_word' id='word_1_74' title='bbox 123 957 220 1028; x_wconf 87' lang='lat' dir='ltr'><em>posito</em></span> <span class='ocrx_word' id='word_1_75' title='bbox 236 955 370 1081; x_wconf 79' lang='lat' dir='ltr'><em>populus</em></span> <span class='ocrx_word' id='word_1_76' title='bbox 387 962 439 1011; x_wconf 85' lang='lat' dir='ltr'><em>aut</em></span> <span class='ocrx_word' id='word_1_77' title='bbox 455 956 621 1028; x_wconf 85' lang='lat' dir='ltr'><em>corripitur,</em></span> <span class='ocrx_word' id='word_1_78' title='bbox 639 963 690 1013; x_wconf 92' lang='lat' dir='ltr'><em>aut</em></span> <span class='ocrx_word' id='word_1_79' title='bbox 702 956 852 1013; x_wconf 89' lang='lat' dir='ltr'><em>laudatur.</em></span> <span class='ocrx_word' id='word_1_80' title='bbox 878 956 952 1023; x_wconf 87' lang='lat' dir='ltr'><em>Quia</em></span> 
     </span>
     <span class='ocr_line' id='line_1_12' title="bbox 123 1026 950 1100; baseline 0.002 -18"><span class='ocrx_word' id='word_1_81' title='bbox 123 1034 152 1083; x_wconf 90' lang='lat' dir='ltr'><em>et</em></span> <span class='ocrx_word' id='word_1_82' title='bbox 165 1027 223 1083; x_wconf 88' lang='lat' dir='ltr'><em>alio</em></span> <span class='ocrx_word' id='word_1_83' title='bbox 251 1041 306 1082; x_wconf 87' lang='lat' dir='ltr'><em>oco</em></span> <span class='ocrx_word' id='word_1_84' title='bbox 321 1027 405 1082; x_wconf 88' lang='lat' dir='ltr'><em>dicit:</em></span> <span class='ocrx_word' id='word_1_85' title='bbox 421 1026 480 1098; x_wconf 75' lang='lat' dir='ltr'><em>Eoo</em></span> <span class='ocrx_word' id='word_1_86' title='bbox 492 1044 541 1099; x_wconf 87' lang='lat' dir='ltr'><em>pro</em></span> <span class='ocrx_word' id='word_1_87' title='bbox 553 1027 594 1082; x_wconf 84' lang='lat' dir='ltr'><em>leis</em></span> <span class='ocrx_word' id='word_1_88' title='bbox 605 1044 668 1099; x_wconf 74' lang='lat' dir='ltr'><em>rogo</em></span> <span class='ocrx_word' id='word_1_89' title='bbox 682 1044 745 1100; x_wconf 84' lang='lat' dir='ltr'><em>qnos</em></span> <span class='ocrx_word' id='word_1_90' title='bbox 758 1029 828 1083; x_wconf 85' lang='lat' dir='ltr'><em>mihi</em></span> <span class='ocrx_word' id='word_1_91' title='bbox 839 1027 950 1092; x_wconf 84' lang='lat' dir='ltr'><em>dedisti,</em></span> 
     </span>
     <span class='ocr_line' id='line_1_13' title="bbox 124 1096 951 1239; baseline 0.002 -86"><span class='ocrx_word' id='word_1_92' title='bbox 124 1099 229 1224; x_wconf 38' lang='lat' dir='ltr'><em>Pater&amp;</em></span> <span class='ocrx_word' id='word_1_93' title='bbox 238 1096 330 1239; x_wconf 49' lang='grc' dir='ltr'>ειῇιίιο</span> <span class='ocrx_word' id='word_1_94' title='bbox 344 1105 374 1153; x_wconf 87' lang='lat' dir='ltr'><em>nt</em></span> <span class='ocrx_word' id='word_1_95' title='bbox 384 1097 432 1153; x_wconf 84' lang='lat' dir='ltr'><em>ahi</em></span> <span class='ocrx_word' id='word_1_96' title='bbox 443 1115 489 1169; x_wconf 77' lang='lat' dir='ltr'><em>epo</em></span> <span class='ocrx_word' id='word_1_97' title='bbox 500 1115 569 1163; x_wconf 86' lang='lat' dir='ltr'><em>sam,</em></span> <span class='ocrx_word' id='word_1_98' title='bbox 584 1106 609 1154; x_wconf 90' lang='lat' dir='ltr'><em>et</em></span> <span class='ocrx_word' id='word_1_99' title='bbox 615 1101 669 1170; x_wconf 79' lang='lat' dir='ltr'><em>ipsi</em></span> <span class='ocrx_word' id='word_1_100' title='bbox 681 1099 735 1155; x_wconf 86' lang='lat' dir='ltr'><em>sint</em></span> <span class='ocrx_word' id='word_1_101' title='bbox 750 1115 850 1156; x_wconf 85' lang='lat' dir='ltr'><em>mecam</em></span> <span class='ocrx_word' id='word_1_102' title='bbox 859 1099 951 1170; x_wconf 75' lang='lat' dir='ltr'><em>(ioan.</em></span> 
     </span>
     <span class='ocr_line' id='line_1_14' title="bbox 123 1186 312 1235; baseline -0.005 -10"><span class='ocrx_word' id='word_1_103' title='bbox 123 1186 195 1233; x_wconf 82' lang='lat' dir='ltr'><em>xva,</em></span> <span class='ocrx_word' id='word_1_104' title='bbox 232 1213 239 1235; x_wconf 92' lang='lat'><em>,</em></span> <span class='ocrx_word' id='word_1_105' title='bbox 306 1210 312 1222; x_wconf 91' lang='lat'><strong>.</strong></span> 
     </span>
    </p>

    <p class='ocr_par' dir='ltr' id='par_1_3' title="bbox 122 1238 954 1582">
     <span class='ocr_line' id='line_1_15' title="bbox 160 1238 953 1312; baseline 0.001 -18"><span class='ocrx_word' id='word_1_106' title='bbox 160 1240 275 1296; x_wconf 77' lang='lat' dir='ltr'><em>Lxxva</em></span> <span class='ocrx_word' id='word_1_107' title='bbox 292 1270 327 1280; x_wconf 94' lang='lat'>-</span> <span class='ocrx_word' id='word_1_108' title='bbox 352 1238 482 1295; x_wconf 85' lang='lat' dir='ltr'><em>loannes</em></span> <span class='ocrx_word' id='word_1_109' title='bbox 501 1242 530 1295; x_wconf 93' lang='lat' dir='ltr'><em>in</em></span> <span class='ocrx_word' id='word_1_110' title='bbox 557 1240 725 1312; x_wconf 82' lang='lat' dir='ltr'><em>Evangelio,</em></span> <span class='ocrx_word' id='word_1_111' title='bbox 741 1241 809 1307; x_wconf 82' lang='lat' dir='ltr'><em>hex,</em></span> <span class='ocrx_word' id='word_1_112' title='bbox 839 1241 890 1306; x_wconf 88' lang='lat' dir='ltr'><em>ait,</em></span> <span class='ocrx_word' id='word_1_113' title='bbox 904 1256 953 1311; x_wconf 85' lang='lat' dir='ltr'><em>per</em></span> 
     </span>
     <span class='ocr_line' id='line_1_16' title="bbox 123 1310 953 1383; baseline -0.005 -14"><span class='ocrx_word' id='word_1_114' title='bbox 123 1311 233 1383; x_wconf 73' lang='lat' dir='ltr'><em>honen</em></span> <span class='ocrx_word' id='word_1_115' title='bbox 246 1310 312 1366; x_wconf 89' lang='lat' dir='ltr'><em>dota</em></span> <span class='ocrx_word' id='word_1_116' title='bbox 323 1318 371 1377; x_wconf 87' lang='lat' dir='ltr'><em>ert,</em></span> <span class='ocrx_word' id='word_1_117' title='bbox 386 1311 486 1366; x_wconf 79' lang='lat' dir='ltr'><em>Gratia</em></span> <span class='ocrx_word' id='word_1_118' title='bbox 499 1311 633 1366; x_wconf 83' lang='lat' dir='ltr'><em>etoeritae</em></span> <span class='ocrx_word' id='word_1_119' title='bbox 644 1329 694 1383; x_wconf 89' lang='lat' dir='ltr'><em>per</em></span> <span class='ocrx_word' id='word_1_120' title='bbox 706 1311 797 1367; x_wconf 75' lang='lat' dir='ltr'><em>ieram</em></span> <span class='ocrx_word' id='word_1_121' title='bbox 811 1312 953 1368; x_wconf 77' lang='lat' dir='ltr'><em>Christum</em></span> 
     </span>
     <span class='ocr_line' id='line_1_17' title="bbox 122 1382 951 1455; baseline -0.001 -17"><span class='ocrx_word' id='word_1_122' title='bbox 122 1383 198 1455; x_wconf 73' lang='lat' dir='ltr'><em>scota</em></span> <span class='ocrx_word' id='word_1_123' title='bbox 212 1388 250 1438; x_wconf 82' lang='lat' dir='ltr'><em>est</em></span> <span class='ocrx_word' id='word_1_124' title='bbox 266 1382 321 1452; x_wconf 79' lang='lat' dir='ltr'><em>(ld,</em></span> <span class='ocrx_word' id='word_1_125' title='bbox 336 1398 355 1451; x_wconf 91' lang='lat'><em>1,</em></span> <span class='ocrx_word' id='word_1_126' title='bbox 371 1382 432 1454; x_wconf 83' lang='lat' dir='ltr'><em>l&#39;l):</em></span> <span class='ocrx_word' id='word_1_127' title='bbox 446 1397 517 1452; x_wconf 91' lang='lat' dir='ltr'><em>ergo</em></span> <span class='ocrx_word' id='word_1_128' title='bbox 529 1383 627 1439; x_wconf 79' lang='lat' dir='ltr'><em>Gratia</em></span> <span class='ocrx_word' id='word_1_129' title='bbox 641 1389 669 1437; x_wconf 91' lang='lat' dir='ltr'><em>et</em></span> <span class='ocrx_word' id='word_1_130' title='bbox 683 1385 792 1439; x_wconf 88' lang='lat' dir='ltr'><em>veritas</em></span> <span class='ocrx_word' id='word_1_131' title='bbox 812 1390 880 1439; x_wconf 89' lang='lat' dir='ltr'><em>ante</em></span> <span class='ocrx_word' id='word_1_132' title='bbox 891 1396 951 1438; x_wconf 90' lang='lat' dir='ltr'><em>non</em></span> 
     </span>
     <span class='ocr_line' id='line_1_18' title="bbox 124 1454 954 1527; baseline 0 -17"><span class='ocrx_word' id='word_1_133' title='bbox 124 1454 192 1511; x_wconf 88' lang='lat' dir='ltr'><em>luit.</em></span> <span class='ocrx_word' id='word_1_134' title='bbox 204 1454 363 1519; x_wconf 81' lang='lat' dir='ltr'>Quomodo</span> <span class='ocrx_word' id='word_1_135' title='bbox 376 1470 445 1527; x_wconf 91' lang='lat' dir='ltr'><em>ergo</em></span> <span class='ocrx_word' id='word_1_136' title='bbox 456 1454 514 1510; x_wconf 83' lang='lat' dir='ltr'><em>Lex</em></span> <span class='ocrx_word' id='word_1_137' title='bbox 527 1471 545 1510; x_wconf 85' lang='lat' dir='ltr'><em>a</em></span> <span class='ocrx_word' id='word_1_138' title='bbox 558 1455 618 1510; x_wconf 85' lang='lat' dir='ltr'><em>Deo</em></span> <span class='ocrx_word' id='word_1_139' title='bbox 633 1454 703 1510; x_wconf 89' lang='lat' dir='ltr'><em>data</em></span> <span class='ocrx_word' id='word_1_140' title='bbox 718 1456 834 1524; x_wconf 87' lang='lat' dir='ltr'><em>dicitur,</em></span> <span class='ocrx_word' id='word_1_141' title='bbox 849 1457 879 1510; x_wconf 92' lang='lat' dir='ltr'><em>in</em></span> <span class='ocrx_word' id='word_1_142' title='bbox 892 1470 954 1527; x_wconf 91' lang='lat' dir='ltr'><em>qua</em></span> 
     </span>
     <span class='ocr_line' id='line_1_19' title="bbox 123 1524 402 1582; baseline -0.004 -1"><span class='ocrx_word' id='word_1_143' title='bbox 123 1527 234 1582; x_wconf 77' lang='lat' dir='ltr'><em>raritas</em></span> <span class='ocrx_word' id='word_1_144' title='bbox 247 1541 307 1581; x_wconf 89' lang='lat' dir='ltr'><em>nou</em></span> <span class='ocrx_word' id='word_1_145' title='bbox 321 1525 375 1581; x_wconf 87' lang='lat' dir='ltr'><em>iuit</em></span> <span class='ocrx_word' id='word_1_146' title='bbox 388 1524 402 1580; x_wconf 75' lang='lat' dir='ltr'><em>i</em></span> 
     </span>
    </p>

    <p class='ocr_par' dir='ltr' id='par_1_4' title="bbox 121 1596 955 3362">
     <span class='ocr_line' id='line_1_20' title="bbox 161 1596 954 1668; baseline -0.005 -14"><span class='ocrx_word' id='word_1_147' title='bbox 161 1599 224 1654; x_wconf 88' lang='lat' dir='ltr'><em>Non</em></span> <span class='ocrx_word' id='word_1_148' title='bbox 240 1598 281 1652; x_wconf 90' lang='lat' dir='ltr'><em>sic</em></span> <span class='ocrx_word' id='word_1_149' title='bbox 295 1597 407 1668; x_wconf 89' lang='lat' dir='ltr'><em>passim</em></span> <span class='ocrx_word' id='word_1_150' title='bbox 419 1596 660 1667; x_wconf 75' lang='lat' dir='ltr'><em>praetereundum</em></span> <span class='ocrx_word' id='word_1_151' title='bbox 681 1602 733 1662; x_wconf 90' lang='lat' dir='ltr'><em>est,</em></span> <span class='ocrx_word' id='word_1_152' title='bbox 752 1596 804 1652; x_wconf 91' lang='lat' dir='ltr'><em>sed</em></span> <span class='ocrx_word' id='word_1_153' title='bbox 820 1596 954 1652; x_wconf 83' lang='lat' dir='ltr'><em>conside-</em></span> 
     </span>
     <span class='ocr_line' id='line_1_21' title="bbox 124 1667 954 1740; baseline -0.001 -17"><span class='ocrx_word' id='word_1_154' title='bbox 124 1668 255 1724; x_wconf 88' lang='lat' dir='ltr'><em>randum</em></span> <span class='ocrx_word' id='word_1_155' title='bbox 270 1674 315 1723; x_wconf 92' lang='lat' dir='ltr'><em>est</em></span> <span class='ocrx_word' id='word_1_156' title='bbox 330 1669 401 1740; x_wconf 91' lang='lat' dir='ltr'><em>quid</em></span> <span class='ocrx_word' id='word_1_157' title='bbox 419 1669 465 1731; x_wconf 84' lang='lat' dir='ltr'><em>sit,</em></span> <span class='ocrx_word' id='word_1_158' title='bbox 496 1667 613 1738; x_wconf 73' lang='lat' dir='ltr'><em>hesper</em></span> <span class='ocrx_word' id='word_1_159' title='bbox 627 1667 735 1739; x_wconf 71' lang='lat' dir='ltr'><em>Moysen</em></span> <span class='ocrx_word' id='word_1_160' title='bbox 748 1668 813 1723; x_wconf 89' lang='lat' dir='ltr'><em>data</em></span> <span class='ocrx_word' id='word_1_161' title='bbox 834 1675 881 1723; x_wconf 85' lang='lat' dir='ltr'><em>est.</em></span> <span class='ocrx_word' id='word_1_162' title='bbox 902 1671 954 1724; x_wconf 87' lang='lat' dir='ltr'><em>Per</em></span> 
     </span>
     <span class='ocr_line' id='line_1_22' title="bbox 122 1738 952 1813; baseline -0.002 -17"><span class='ocrx_word' id='word_1_163' title='bbox 122 1741 168 1796; x_wconf 81' lang='lat' dir='ltr'><em>llo</em></span> <span class='ocrx_word' id='word_1_164' title='bbox 192 1755 242 1795; x_wconf 89' lang='lat' dir='ltr'><em>sen</em></span> <span class='ocrx_word' id='word_1_165' title='bbox 259 1738 339 1794; x_wconf 89' lang='lat' dir='ltr'><em>enim</em></span> <span class='ocrx_word' id='word_1_166' title='bbox 356 1739 413 1794; x_wconf 83' lang='lat' dir='ltr'><em>Lex</em></span> <span class='ocrx_word' id='word_1_167' title='bbox 426 1739 497 1794; x_wconf 88' lang='lat' dir='ltr'><em>data</em></span> <span class='ocrx_word' id='word_1_168' title='bbox 517 1739 673 1794; x_wconf 86' lang='lat' dir='ltr'><em>manifesta</em></span> <span class='ocrx_word' id='word_1_169' title='bbox 683 1739 774 1795; x_wconf 90' lang='lat' dir='ltr'><em>habet</em></span> <span class='ocrx_word' id='word_1_170' title='bbox 787 1744 952 1813; x_wconf 83' lang='grc' dir='ltr'>ρι·ιεεεριε;</span> 
     </span>
     <span class='ocr_line' id='line_1_23' title="bbox 125 1808 955 1883; baseline 0.001 -18"><span class='ocrx_word' id='word_1_171' title='bbox 125 1826 157 1866; x_wconf 91' lang='grc' dir='ltr'><em>εε</em></span> <span class='ocrx_word' id='word_1_172' title='bbox 195 1809 311 1882; x_wconf 83' lang='lat' dir='ltr'><em>scripsit</em></span> <span class='ocrx_word' id='word_1_173' title='bbox 325 1814 353 1864; x_wconf 92' lang='lat' dir='ltr'><em>et</em></span> <span class='ocrx_word' id='word_1_174' title='bbox 367 1808 537 1876; x_wconf 82' lang='lat' dir='ltr'><em>historiam,</em></span> <span class='ocrx_word' id='word_1_175' title='bbox 551 1826 619 1882; x_wconf 85' lang='lat' dir='ltr'><em>quae</em></span> <span class='ocrx_word' id='word_1_176' title='bbox 630 1819 658 1866; x_wconf 89' lang='lat' dir='ltr'><em>et</em></span> <span class='ocrx_word' id='word_1_177' title='bbox 672 1810 739 1881; x_wconf 89' lang='lat' dir='ltr'><em>ipsa</em></span> <span class='ocrx_word' id='word_1_178' title='bbox 752 1810 810 1866; x_wconf 86' lang='lat' dir='ltr'><em>Lex</em></span> <span class='ocrx_word' id='word_1_179' title='bbox 822 1811 955 1883; x_wconf 88' lang='lat' dir='ltr'><em>appella·</em></span> 
     </span>
     <span class='ocr_line' id='line_1_24' title="bbox 123 1881 955 1953; baseline 0 -17"><span class='ocrx_word' id='word_1_180' title='bbox 123 1887 182 1937; x_wconf 88' lang='lat' dir='ltr'><em>tur.</em></span> <span class='ocrx_word' id='word_1_181' title='bbox 200 1885 232 1938; x_wconf 84' lang='lat' dir='ltr'><em>Et</em></span> <span class='ocrx_word' id='word_1_182' title='bbox 246 1882 410 1953; x_wconf 86' lang='lat' dir='ltr'><em>videamus,</em></span> <span class='ocrx_word' id='word_1_183' title='bbox 428 1881 499 1953; x_wconf 91' lang='lat' dir='ltr'><em>quid</em></span> <span class='ocrx_word' id='word_1_184' title='bbox 516 1896 546 1935; x_wconf 87' lang='grc' dir='ltr'><em>ιιι</em></span> <span class='ocrx_word' id='word_1_185' title='bbox 584 1882 716 1952; x_wconf 82' lang='lat' dir='ltr'><em>rmceptis</em></span> <span class='ocrx_word' id='word_1_186' title='bbox 736 1883 801 1952; x_wconf 89' lang='lat' dir='ltr'><em>ejus</em></span> <span class='ocrx_word' id='word_1_187' title='bbox 825 1898 886 1938; x_wconf 81' lang='lat' dir='ltr'><em>eron</em></span> <span class='ocrx_word' id='word_1_188' title='bbox 900 1883 955 1937; x_wconf 89' lang='lat' dir='ltr'><em>erit</em></span> 
     </span>
     <span class='ocr_line' id='line_1_25' title="bbox 123 1952 954 2025; baseline 0 -18"><span class='ocrx_word' id='word_1_189' title='bbox 123 1969 249 2009; x_wconf 90' lang='lat' dir='ltr'><em>verum:</em></span> <span class='ocrx_word' id='word_1_190' title='bbox 265 1954 337 2009; x_wconf 84' lang='lat' dir='ltr'><em>forte</em></span> <span class='ocrx_word' id='word_1_191' title='bbox 352 1953 434 2025; x_wconf 93' lang='lat' dir='ltr'><em>quod</em></span> <span class='ocrx_word' id='word_1_192' title='bbox 456 1952 536 2013; x_wconf 85' lang='lat' dir='ltr'><em>dicit.</em></span> <span class='ocrx_word' id='word_1_193' title='bbox 581 1969 615 2007; x_wconf 90' lang='lat' dir='ltr'><em>on</em></span> <span class='ocrx_word' id='word_1_194' title='bbox 629 1953 740 2022; x_wconf 79' lang='lat' dir='ltr'><em>occider,</em></span> <span class='ocrx_word' id='word_1_195' title='bbox 763 1953 825 2010; x_wconf 88' lang='lat' dir='ltr'><em>Non</em></span> <span class='ocrx_word' id='word_1_196' title='bbox 834 1953 954 2025; x_wconf 74' lang='lat' dir='ltr'><em>fornica·</em></span> 
     </span>
     <span class='ocr_line' id='line_1_26' title="bbox 126 2023 954 2096; baseline 0 -17"><span class='ocrx_word' id='word_1_197' title='bbox 126 2023 208 2089; x_wconf 78' lang='lat' dir='ltr'><em>heris,</em></span> <span class='ocrx_word' id='word_1_198' title='bbox 223 2024 286 2081; x_wconf 89' lang='lat' dir='ltr'><em>Non</em></span> <span class='ocrx_word' id='word_1_199' title='bbox 296 2025 404 2096; x_wconf 75' lang='lat' dir='ltr'><em>fartam</em></span> <span class='ocrx_word' id='word_1_200' title='bbox 417 2025 500 2087; x_wconf 75' lang='lat' dir='ltr'><em>tocies</em></span> <span class='ocrx_word' id='word_1_201' title='bbox 511 2023 612 2092; x_wconf 82' lang='lat' dir='ltr'><em>(and.</em></span> <span class='ocrx_word' id='word_1_202' title='bbox 625 2040 673 2089; x_wconf 79' lang='lat' dir='ltr'><em>ax,</em></span> <span class='ocrx_word' id='word_1_203' title='bbox 688 2023 954 2096; x_wconf 54' lang='lat' dir='ltr'><em>1³·‘lintitaliasunt</em></span> 
     </span>
     <span class='ocr_line' id='line_1_27' title="bbox 125 2095 954 2168; baseline -0.002 -16"><span class='ocrx_word' id='word_1_204' title='bbox 125 2104 154 2152; x_wconf 91' lang='lat' dir='ltr'><em>et</em></span> <span class='ocrx_word' id='word_1_205' title='bbox 169 2102 285 2152; x_wconf 77' lang='lat' dir='ltr'><em>cratera.</em></span> <span class='ocrx_word' id='word_1_206' title='bbox 302 2099 375 2152; x_wconf 88' lang='lat' dir='ltr'><em>Nam</em></span> <span class='ocrx_word' id='word_1_207' title='bbox 393 2095 516 2152; x_wconf 88' lang='lat' dir='ltr'><em>historia</em></span> <span class='ocrx_word' id='word_1_208' title='bbox 531 2096 605 2166; x_wconf 89' lang='lat' dir='ltr'><em>ejas,</em></span> <span class='ocrx_word' id='word_1_209' title='bbox 621 2098 693 2168; x_wconf 89' lang='lat' dir='ltr'><em>quia</em></span> <span class='ocrx_word' id='word_1_210' title='bbox 709 2101 778 2151; x_wconf 90' lang='lat' dir='ltr'><em>aute</em></span> <span class='ocrx_word' id='word_1_211' title='bbox 791 2096 954 2153; x_wconf 85' lang='lat' dir='ltr'><em>adveutum</em></span> 
     </span>
     <span class='ocr_line' id='line_1_28' title="bbox 125 2166 954 2232; baseline -0.001 -10"><span class='ocrx_word' id='word_1_212' title='bbox 125 2166 231 2224; x_wconf 79' lang='lat' dir='ltr'><em>Christi</em></span> <span class='ocrx_word' id='word_1_213' title='bbox 247 2167 354 2223; x_wconf 81' lang='lat' dir='ltr'><em>veritas</em></span> <span class='ocrx_word' id='word_1_214' title='bbox 370 2183 429 2223; x_wconf 91' lang='lat' dir='ltr'><em>non</em></span> <span class='ocrx_word' id='word_1_215' title='bbox 451 2173 521 2232; x_wconf 89' lang='lat' dir='ltr'><em>erat,</em></span> <span class='ocrx_word' id='word_1_216' title='bbox 539 2168 595 2223; x_wconf 91' lang='lat' dir='ltr'><em>hoc</em></span> <span class='ocrx_word' id='word_1_217' title='bbox 611 2167 802 2223; x_wconf 81' lang='lat' dir='ltr'><em>manifestam</em></span> <span class='ocrx_word' id='word_1_218' title='bbox 822 2173 876 2222; x_wconf 91' lang='grc' dir='ltr'>εει.</span> <span class='ocrx_word' id='word_1_219' title='bbox 893 2171 954 2223; x_wconf 88' lang='grc' dir='ltr'>Ειε-</span> 
     </span>
     <span class='ocr_line' id='line_1_29' title="bbox 123 2238 954 2329; baseline -0.001 -35"><span class='ocrx_word' id='word_1_220' title='bbox 123 2240 187 2295; x_wconf 91' lang='lat' dir='ltr'><em>nim</em></span> <span class='ocrx_word' id='word_1_221' title='bbox 203 2255 270 2312; x_wconf 82' lang='lat' dir='ltr'><em>quae</em></span> <span class='ocrx_word' id='word_1_222' title='bbox 287 2238 345 2294; x_wconf 90' lang='lat' dir='ltr'><em>sub</em></span> <span class='ocrx_word' id='word_1_223' title='bbox 366 2238 513 2295; x_wconf 88' lang='lat' dir='ltr'><em>velamine</em></span> <span class='ocrx_word' id='word_1_224' title='bbox 541 2243 634 2302; x_wconf 91' lang='lat' dir='ltr'><em>erant,</em></span> <span class='ocrx_word' id='word_1_225' title='bbox 650 2238 723 2329; x_wconf 86' lang='lat' dir='ltr'><em>quid</em></span> <span class='ocrx_word' id='word_1_226' title='bbox 740 2239 954 2309; x_wconf 86' lang='lat' dir='ltr'><em>significarent,</em></span> 
     </span>
     <span class='ocr_line' id='line_1_30' title="bbox 123 2310 954 2382; baseline -0.001 -17"><span class='ocrx_word' id='word_1_227' title='bbox 123 2310 272 2366; x_wconf 87' lang='lat' dir='ltr'><em>incertum</em></span> <span class='ocrx_word' id='word_1_228' title='bbox 288 2315 360 2366; x_wconf 87' lang='lat' dir='ltr'><em>erat.</em></span> <span class='ocrx_word' id='word_1_229' title='bbox 376 2312 448 2366; x_wconf 79' lang='lat' dir='ltr'><em>Ciam</em></span> <span class='ocrx_word' id='word_1_230' title='bbox 465 2316 564 2365; x_wconf 88' lang='lat' dir='ltr'><em>autem</em></span> <span class='ocrx_word' id='word_1_231' title='bbox 582 2325 636 2382; x_wconf 89' lang='lat' dir='ltr'><em>per</em></span> <span class='ocrx_word' id='word_1_232' title='bbox 651 2311 798 2366; x_wconf 63' lang='lat' dir='ltr'><em>christum</em></span> <span class='ocrx_word' id='word_1_233' title='bbox 813 2310 954 2366; x_wconf 82' lang='lat' dir='ltr'><em>manifes-</em></span> 
     </span>
     <span class='ocr_line' id='line_1_31' title="bbox 123 2381 954 2454; baseline -0.002 -17"><span class='ocrx_word' id='word_1_234' title='bbox 123 2385 246 2449; x_wconf 87' lang='lat' dir='ltr'><em>taretur,</em></span> <span class='ocrx_word' id='word_1_235' title='bbox 265 2381 349 2453; x_wconf 90' lang='lat' dir='ltr'><em>cujus</em></span> <span class='ocrx_word' id='word_1_236' title='bbox 363 2396 492 2453; x_wconf 90' lang='lat' dir='ltr'><em>persona</em></span> <span class='ocrx_word' id='word_1_237' title='bbox 508 2383 543 2436; x_wconf 91' lang='lat' dir='ltr'><em>sit</em></span> <span class='ocrx_word' id='word_1_238' title='bbox 558 2399 625 2454; x_wconf 80' lang='lat' dir='ltr'><em>quae</em></span> <span class='ocrx_word' id='word_1_239' title='bbox 640 2382 710 2437; x_wconf 86' lang='lat' dir='ltr'><em>dicit</em></span> <span class='ocrx_word' id='word_1_240' title='bbox 726 2382 755 2437; x_wconf 91' lang='lat' dir='ltr'><em>in</em></span> <span class='ocrx_word' id='word_1_241' title='bbox 769 2383 884 2451; x_wconf 82' lang='lat' dir='ltr'><em>Genesi,</em></span> <span class='ocrx_word' id='word_1_242' title='bbox 899 2382 954 2437; x_wconf 81' lang='lat' dir='ltr'><em>Fa·</em></span> 
     </span>
     <span class='ocr_line' id='line_1_32' title="bbox 122 2451 954 2523; baseline 0.001 -16"><span class='ocrx_word' id='word_1_243' title='bbox 122 2451 228 2507; x_wconf 72' lang='lat' dir='ltr'><em>marnas</em></span> <span class='ocrx_word' id='word_1_244' title='bbox 240 2452 371 2508; x_wconf 84' lang='lat' dir='ltr'><em>hominem</em></span> <span class='ocrx_word' id='word_1_245' title='bbox 386 2452 421 2508; x_wconf 88' lang='lat' dir='ltr'><em>od</em></span> <span class='ocrx_word' id='word_1_246' title='bbox 435 2453 580 2523; x_wconf 75' lang='lat' dir='ltr'><em>imaginem</em></span> <span class='ocrx_word' id='word_1_247' title='bbox 590 2461 615 2509; x_wconf 90' lang='lat' dir='ltr'><em>et</em></span> <span class='ocrx_word' id='word_1_248' title='bbox 627 2452 880 2509; x_wconf 84' lang='lat' dir='ltr'><em>adsimiiitndinem</em></span> <span class='ocrx_word' id='word_1_249' title='bbox 893 2470 954 2508; x_wconf 79' lang='lat' dir='ltr'><em>not-</em></span> 
     </span>
     <span class='ocr_line' id='line_1_33' title="bbox 124 2524 955 2597; baseline 0.001 -18"><span class='ocrx_word' id='word_1_250' title='bbox 124 2530 198 2579; x_wconf 86' lang='lat' dir='ltr'><em>tram</em></span> <span class='ocrx_word' id='word_1_251' title='bbox 218 2525 295 2597; x_wconf 86' lang='lat' dir='ltr'><em>(Gen.</em></span> <span class='ocrx_word' id='word_1_252' title='bbox 312 2540 331 2589; x_wconf 92' lang='grc' dir='ltr'><em>ι,</em></span> <span class='ocrx_word' id='word_1_253' title='bbox 348 2525 406 2597; x_wconf 73' lang='lat'><em>⁴26),</em></span> <span class='ocrx_word' id='word_1_254' title='bbox 423 2532 449 2578; x_wconf 90' lang='grc' dir='ltr'><em>ει</em></span> <span class='ocrx_word' id='word_1_255' title='bbox 463 2526 530 2597; x_wconf 88' lang='lat' dir='ltr'><em>quis</em></span> <span class='ocrx_word' id='word_1_256' title='bbox 544 2531 587 2581; x_wconf 89' lang='lat' dir='ltr'><em>est</em></span> <span class='ocrx_word' id='word_1_257' title='bbox 601 2526 653 2597; x_wconf 89' lang='lat' dir='ltr'><em>qui</em></span> <span class='ocrx_word' id='word_1_258' title='bbox 668 2524 755 2595; x_wconf 88' lang='lat' dir='ltr'><em>lecit;</em></span> <span class='ocrx_word' id='word_1_259' title='bbox 771 2529 800 2580; x_wconf 87' lang='lat' dir='ltr'><em>el</em></span> <span class='ocrx_word' id='word_1_260' title='bbox 835 2527 879 2580; x_wconf 91' lang='lat' dir='ltr'><em>uis</em></span> <span class='ocrx_word' id='word_1_261' title='bbox 893 2526 955 2580; x_wconf 88' lang='lat' dir='ltr'><em>lue-</em></span> 
     </span>
     <span class='ocr_line' id='line_1_34' title="bbox 122 2595 952 2668; baseline 0 -18"><span class='ocrx_word' id='word_1_262' title='bbox 122 2595 161 2650; x_wconf 91' lang='lat' dir='ltr'><em>rit</em></span> <span class='ocrx_word' id='word_1_263' title='bbox 172 2597 223 2668; x_wconf 92' lang='lat' dir='ltr'><em>qui</em></span> <span class='ocrx_word' id='word_1_264' title='bbox 238 2597 267 2651; x_wconf 91' lang='lat' dir='ltr'><em>in</em></span> <span class='ocrx_word' id='word_1_265' title='bbox 282 2595 358 2651; x_wconf 90' lang='lat' dir='ltr'><em>rubo</em></span> <span class='ocrx_word' id='word_1_266' title='bbox 373 2595 575 2651; x_wconf 83' lang='lat' dir='ltr'><em>aPatriarcliis</em></span> <span class='ocrx_word' id='word_1_267' title='bbox 588 2601 668 2650; x_wconf 89' lang='lat' dir='ltr'><em>visus</em></span> <span class='ocrx_word' id='word_1_268' title='bbox 679 2595 797 2665; x_wconf 77' lang='lat' dir='ltr'><em>luitllla</em></span> <span class='ocrx_word' id='word_1_269' title='bbox 835 2638 841 2651; x_wconf 89' lang='lat'>.</span> <span class='ocrx_word' id='word_1_270' title='bbox 855 2599 952 2666; x_wconf 73' lang='lat'><em>111,2);</em></span> 
     </span>
     <span class='ocr_line' id='line_1_35' title="bbox 122 2667 953 2739; baseline 0 -17"><span class='ocrx_word' id='word_1_271' title='bbox 122 2673 152 2722; x_wconf 88' lang='lat' dir='ltr'><em>et</em></span> <span class='ocrx_word' id='word_1_272' title='bbox 163 2667 214 2738; x_wconf 89' lang='lat' dir='ltr'><em>qui</em></span> <span class='ocrx_word' id='word_1_273' title='bbox 227 2667 256 2721; x_wconf 92' lang='lat' dir='ltr'><em>in</em></span> <span class='ocrx_word' id='word_1_274' title='bbox 271 2672 352 2739; x_wconf 89' lang='lat' dir='ltr'><em>petra</em></span> <span class='ocrx_word' id='word_1_275' title='bbox 366 2673 507 2737; x_wconf 90' lang='lat' dir='ltr'><em>operatus</em></span> <span class='ocrx_word' id='word_1_276' title='bbox 517 2668 563 2731; x_wconf 84' lang='lat' dir='ltr'><em>sit,</em></span> <span class='ocrx_word' id='word_1_277' title='bbox 575 2682 643 2738; x_wconf 77' lang='lat' dir='ltr'><em>quoe</em></span> <span class='ocrx_word' id='word_1_278' title='bbox 658 2667 740 2721; x_wconf 84' lang='lat' dir='ltr'><em>dedit</em></span> <span class='ocrx_word' id='word_1_279' title='bbox 750 2683 845 2738; x_wconf 88' lang='lat' dir='ltr'><em>aquas</em></span> <span class='ocrx_word' id='word_1_280' title='bbox 862 2668 890 2722; x_wconf 91' lang='lat' dir='ltr'><em>iu</em></span> <span class='ocrx_word' id='word_1_281' title='bbox 904 2667 953 2722; x_wconf 91' lang='lat' dir='ltr'><em>de-</em></span> 
     </span>
     <span class='ocr_line' id='line_1_36' title="bbox 123 2737 953 2818; baseline 0 -25"><span class='ocrx_word' id='word_1_282' title='bbox 123 2744 202 2793; x_wconf 89' lang='lat' dir='ltr'><em>serto</em></span> <span class='ocrx_word' id='word_1_283' title='bbox 219 2737 273 2811; x_wconf 85' lang='lat' dir='ltr'><em>(ld.</em></span> <span class='ocrx_word' id='word_1_284' title='bbox 288 2738 392 2810; x_wconf 83' lang='lat' dir='ltr'><em>xnu,6)</em></span> <span class='ocrx_word' id='word_1_285' title='bbox 406 2754 412 2802; x_wconf 94' lang='lat'>;</span> <span class='ocrx_word' id='word_1_286' title='bbox 426 2739 498 2818; x_wconf 88' lang='lat' dir='ltr'><em>quia</em></span> <span class='ocrx_word' id='word_1_287' title='bbox 515 2739 613 2803; x_wconf 86' lang='lat' dir='ltr'><em>Petra,</em></span> <span class='ocrx_word' id='word_1_288' title='bbox 631 2740 659 2792; x_wconf 92' lang='lat' dir='ltr'><em>in</em></span> <span class='ocrx_word' id='word_1_289' title='bbox 685 2739 736 2805; x_wconf 90' lang='lat' dir='ltr'><em>uit,</em></span> <span class='ocrx_word' id='word_1_290' title='bbox 750 2744 809 2793; x_wconf 86' lang='lat' dir='ltr'><em>erat</em></span> <span class='ocrx_word' id='word_1_291' title='bbox 824 2739 953 2793; x_wconf 84' lang='lat' dir='ltr'><em>Chre’stue</em></span> 
     </span>
     <span class='ocr_line' id='line_1_37' title="bbox 122 2808 953 2882; baseline 0.001 -18"><span class='ocrx_word' id='word_1_292' title='bbox 122 2810 146 2880; x_wconf 93' lang='lat' dir='ltr'><em>(l</em></span> <span class='ocrx_word' id='word_1_293' title='bbox 164 2808 226 2865; x_wconf 87' lang='lat' dir='ltr'><em>Cor.</em></span> <span class='ocrx_word' id='word_1_294' title='bbox 238 2826 267 2875; x_wconf 86' lang='lat' dir='ltr'><em>x,</em></span> <span class='ocrx_word' id='word_1_295' title='bbox 282 2812 311 2881; x_wconf 81' lang='lat' dir='ltr'><em>l)</em></span> <span class='ocrx_word' id='word_1_296' title='bbox 326 2826 333 2864; x_wconf 92' lang='lat'>:</span> <span class='ocrx_word' id='word_1_297' title='bbox 349 2812 389 2864; x_wconf 92' lang='lat' dir='ltr'><em>sic</em></span> <span class='ocrx_word' id='word_1_298' title='bbox 403 2809 458 2864; x_wconf 82' lang='lat' dir='ltr'><em>furt</em></span> <span class='ocrx_word' id='word_1_299' title='bbox 471 2809 578 2864; x_wconf 84' lang='lat' dir='ltr'><em>veritas</em></span> <span class='ocrx_word' id='word_1_300' title='bbox 613 2824 643 2864; x_wconf 93' lang='lat' dir='ltr'><em>er</em></span> <span class='ocrx_word' id='word_1_301' title='bbox 656 2811 676 2864; x_wconf 86' lang='lat' dir='ltr'>C</span> <span class='ocrx_word' id='word_1_302' title='bbox 700 2809 816 2875; x_wconf 89' lang='lat' dir='ltr'><em>ristum,</em></span> <span class='ocrx_word' id='word_1_303' title='bbox 830 2810 953 2882; x_wconf 91' lang='lat' dir='ltr'><em>quando</em></span> 
     </span>
     <span class='ocr_line' id='line_1_38' title="bbox 124 2825 953 2952; baseline -0.001 -16"><span class='ocrx_word' id='word_1_304' title='bbox 124 2895 242 2952; x_wconf 80' lang='lat' dir='ltr'><em>eaquae</em></span> <span class='ocrx_word' id='word_1_305' title='bbox 257 2881 399 2945; x_wconf 85' lang='lat' dir='ltr'><em>latebant,</em></span> <span class='ocrx_word' id='word_1_306' title='bbox 432 2886 483 2935; x_wconf 88' lang='lat' dir='ltr'><em>aut</em></span> <span class='ocrx_word' id='word_1_307' title='bbox 507 2881 536 2935; x_wconf 92' lang='lat' dir='ltr'><em>in</em></span> <span class='ocrx_word' id='word_1_308' title='bbox 553 2825 678 2935; x_wconf 60' lang='lat' dir='ltr'><em>dubium</em></span> <span class='ocrx_word' id='word_1_309' title='bbox 694 2880 864 2946; x_wconf 88' lang='lat' dir='ltr'><em>veniebant,</em></span> <span class='ocrx_word' id='word_1_310' title='bbox 880 2880 953 2952; x_wconf 92' lang='lat' dir='ltr'><em>qaid</em></span> 
     </span>
     <span class='ocr_line' id='line_1_39' title="bbox 123 2950 952 3020; baseline -0.002 -12"><span class='ocrx_word' id='word_1_311' title='bbox 123 2950 474 3020; x_wconf 85' lang='lat' dir='ltr'><em>significarentaChrislo</em></span> <span class='ocrx_word' id='word_1_312' title='bbox 486 2957 641 3007; x_wconf 91' lang='lat' dir='ltr'><em>ostensum</em></span> <span class='ocrx_word' id='word_1_313' title='bbox 657 2957 708 3007; x_wconf 90' lang='lat' dir='ltr'><em>est.</em></span> <span class='ocrx_word' id='word_1_314' title='bbox 724 2954 797 3007; x_wconf 85' lang='lat' dir='ltr'><em>Nam</em></span> <span class='ocrx_word' id='word_1_315' title='bbox 807 2952 882 3006; x_wconf 90' lang='lat' dir='ltr'><em>iuter</em></span> <span class='ocrx_word' id='word_1_316' title='bbox 894 2967 952 3006; x_wconf 82' lang='grc' dir='ltr'>ειε-</span> 
     </span>
     <span class='ocr_line' id='line_1_40' title="bbox 121 3022 951 3095; baseline -0.002 -17"><span class='ocrx_word' id='word_1_317' title='bbox 121 3032 186 3078; x_wconf 86' lang='grc' dir='ltr'>ιειε</span> <span class='ocrx_word' id='word_1_318' title='bbox 195 3024 337 3079; x_wconf 83' lang='lat' dir='ltr'><em>Dominus</em></span> <span class='ocrx_word' id='word_1_319' title='bbox 349 3022 401 3088; x_wconf 87' lang='lat' dir='ltr'><em>ait,</em></span> <span class='ocrx_word' id='word_1_320' title='bbox 411 3028 447 3078; x_wconf 82' lang='lat' dir='ltr'><em>De</em></span> <span class='ocrx_word' id='word_1_321' title='bbox 459 3039 499 3077; x_wconf 82' lang='lat' dir='ltr'><em>nee</em></span> <span class='ocrx_word' id='word_1_322' title='bbox 510 3023 620 3095; x_wconf 77' lang='lat' dir='ltr'><em>scripsit</em></span> <span class='ocrx_word' id='word_1_323' title='bbox 630 3023 730 3094; x_wconf 72' lang='lat' dir='ltr'><em>Moyses</em></span> <span class='ocrx_word' id='word_1_324' title='bbox 744 3023 836 3093; x_wconf 80' lang='lat' dir='ltr'><em>(loon.</em></span> <span class='ocrx_word' id='word_1_325' title='bbox 853 3039 882 3089; x_wconf 83' lang='lat' dir='ltr'><em>r,</em></span> <span class='ocrx_word' id='word_1_326' title='bbox 895 3026 951 3093; x_wconf 72' lang='lat'><strong>46).</strong></span> 
     </span>
     <span class='ocr_line' id='line_1_41' title="bbox 124 3093 953 3165; baseline 0 -17"><span class='ocrx_word' id='word_1_327' title='bbox 124 3093 188 3148; x_wconf 84' lang='lat' dir='ltr'><em>Hoc</em></span> <span class='ocrx_word' id='word_1_328' title='bbox 201 3095 284 3165; x_wconf 89' lang='lat' dir='ltr'><em>prius</em></span> <span class='ocrx_word' id='word_1_329' title='bbox 296 3093 381 3150; x_wconf 88' lang='lat' dir='ltr'><em>latuit</em></span> <span class='ocrx_word' id='word_1_330' title='bbox 397 3110 404 3161; x_wconf 89' lang='lat'>;</span> <span class='ocrx_word' id='word_1_331' title='bbox 422 3110 503 3150; x_wconf 88' lang='lat' dir='ltr'><em>error</em></span> <span class='ocrx_word' id='word_1_332' title='bbox 517 3096 597 3150; x_wconf 90' lang='lat' dir='ltr'><em>enim</em></span> <span class='ocrx_word' id='word_1_333' title='bbox 611 3100 684 3150; x_wconf 90' lang='lat' dir='ltr'><em>erat.</em></span> <span class='ocrx_word' id='word_1_334' title='bbox 701 3095 862 3149; x_wconf 87' lang='lat' dir='ltr'><em>Putabatur</em></span> <span class='ocrx_word' id='word_1_335' title='bbox 874 3093 953 3148; x_wconf 90' lang='lat' dir='ltr'><em>enim</em></span> 
     </span>
     <span class='ocr_line' id='line_1_42' title="bbox 124 3164 953 3238; baseline 0.001 -19"><span class='ocrx_word' id='word_1_336' title='bbox 124 3165 206 3220; x_wconf 87' lang='lat' dir='ltr'><em>Deus</em></span> <span class='ocrx_word' id='word_1_337' title='bbox 222 3165 317 3231; x_wconf 86' lang='lat' dir='ltr'><em>Pater,</em></span> <span class='ocrx_word' id='word_1_338' title='bbox 333 3164 386 3238; x_wconf 93' lang='lat' dir='ltr'><em>qui</em></span> <span class='ocrx_word' id='word_1_339' title='bbox 397 3172 459 3221; x_wconf 89' lang='lat' dir='ltr'><em>erat</em></span> <span class='ocrx_word' id='word_1_340' title='bbox 470 3165 674 3237; x_wconf 83' lang='lat' dir='ltr'><em>Filius;etqui</em></span> <span class='ocrx_word' id='word_1_341' title='bbox 688 3164 953 3221; x_wconf 84' lang='lat' dir='ltr'><em>oestimabaturau·</em></span> 
     </span>
     <span class='ocr_line' id='line_1_43' title="bbox 125 3234 955 3362; baseline 0.001 -71"><span class='ocrx_word' id='word_1_342' title='bbox 125 3234 224 3362; x_wconf 56' lang='lat' dir='ltr'><em>pelas,</em></span> <span class='ocrx_word' id='word_1_343' title='bbox 251 3236 390 3307; x_wconf 89' lang='lat' dir='ltr'><em>cognitus</em></span> <span class='ocrx_word' id='word_1_344' title='bbox 406 3242 449 3293; x_wconf 87' lang='lat' dir='ltr'><em>est</em></span> <span class='ocrx_word' id='word_1_345' title='bbox 472 3253 537 3293; x_wconf 89' lang='lat' dir='ltr'><em>esse</em></span> <span class='ocrx_word' id='word_1_346' title='bbox 557 3238 606 3293; x_wconf 84' lang='lat' dir='ltr'><em>Dei</em></span> <span class='ocrx_word' id='word_1_347' title='bbox 634 3236 733 3293; x_wconf 82' lang='lat' dir='ltr'><em>Filius.</em></span> <span class='ocrx_word' id='word_1_348' title='bbox 750 3238 782 3291; x_wconf 85' lang='lat' dir='ltr'><em>Et</em></span> <span class='ocrx_word' id='word_1_349' title='bbox 796 3237 955 3308; x_wconf 83' lang='lat' dir='ltr'><em>promissio</em></span> 
     </span>
    </p>

    <p class='ocr_par' dir='ltr' id='par_1_5' title="bbox 137 3307 954 3381">
     <span class='ocr_line' id='line_1_44' title="bbox 137 3307 954 3381; baseline -0.002 -17"><span class='ocrx_word' id='word_1_350' title='bbox 137 3312 206 3364; x_wconf 88' lang='lat' dir='ltr'><em>acta</em></span> <span class='ocrx_word' id='word_1_351' title='bbox 222 3307 317 3364; x_wconf 86' lang='lat' dir='ltr'><em>fuerat</em></span> <span class='ocrx_word' id='word_1_352' title='bbox 332 3308 470 3377; x_wconf 72' lang='lat' dir='ltr'><em>lebraha,</em></span> <span class='ocrx_word' id='word_1_353' title='bbox 486 3324 552 3381; x_wconf 76' lang='lat' dir='ltr'><em>quae</em></span> <span class='ocrx_word' id='word_1_354' title='bbox 566 3308 712 3381; x_wconf 83' lang='lat' dir='ltr'><em>quamdiu</em></span> <span class='ocrx_word' id='word_1_355' title='bbox 725 3322 787 3363; x_wconf 91' lang='lat' dir='ltr'><em>non</em></span> <span class='ocrx_word' id='word_1_356' title='bbox 805 3307 954 3363; x_wconf 89' lang='lat' dir='ltr'><em>reddeba-</em></span> 
     </span>
    </p>

    <p class='ocr_par' dir='ltr' id='par_1_6' title="bbox 124 3378 955 3451">
     <span class='ocr_line' id='line_1_45' title="bbox 124 3378 955 3451; baseline -0.001 -17"><span class='ocrx_word' id='word_1_357' title='bbox 124 3382 184 3438; x_wconf 80' lang='lat' dir='ltr'><em>tur.</em></span> <span class='ocrx_word' id='word_1_358' title='bbox 196 3378 227 3433; x_wconf 93' lang='lat' dir='ltr'><em>in</em></span> <span class='ocrx_word' id='word_1_359' title='bbox 242 3379 386 3451; x_wconf 89' lang='lat' dir='ltr'><em>ambiguo</em></span> <span class='ocrx_word' id='word_1_360' title='bbox 401 3387 482 3448; x_wconf 87' lang='lat' dir='ltr'><em>erat;</em></span> <span class='ocrx_word' id='word_1_361' title='bbox 497 3396 567 3436; x_wconf 90' lang='lat' dir='ltr'><em>oum</em></span> <span class='ocrx_word' id='word_1_362' title='bbox 581 3384 681 3436; x_wconf 89' lang='lat' dir='ltr'><em>autem</em></span> <span class='ocrx_word' id='word_1_363' title='bbox 692 3379 828 3435; x_wconf 86' lang='lat' dir='ltr'><em>veniente</em></span> <span class='ocrx_word' id='word_1_364' title='bbox 840 3379 955 3434; x_wconf 86' lang='lat' dir='ltr'><em>Christo</em></span> 
     </span>
    </p>

    <p class='ocr_par' dir='ltr' id='par_1_7' title="bbox 122 3448 954 3524">
     <span class='ocr_line' id='line_1_46' title="bbox 122 3448 954 3524; baseline -0.001 -18"><span class='ocrx_word' id='word_1_365' title='bbox 122 3448 243 3506; x_wconf 85' lang='lat' dir='ltr'><em>reddita</em></span> <span class='ocrx_word' id='word_1_366' title='bbox 254 3454 309 3515; x_wconf 87' lang='lat' dir='ltr'><em>ost,</em></span> <span class='ocrx_word' id='word_1_367' title='bbox 323 3454 401 3508; x_wconf 86' lang='lat' dir='ltr'><em>facta</em></span> <span class='ocrx_word' id='word_1_368' title='bbox 411 3457 456 3507; x_wconf 91' lang='lat' dir='ltr'><em>est</em></span> <span class='ocrx_word' id='word_1_369' title='bbox 470 3452 575 3507; x_wconf 88' lang='lat' dir='ltr'><em>veritas</em></span> <span class='ocrx_word' id='word_1_370' title='bbox 590 3469 597 3507; x_wconf 92' lang='lat'>:</span> <span class='ocrx_word' id='word_1_371' title='bbox 613 3451 737 3524; x_wconf 91' lang='lat' dir='ltr'><em>quando</em></span> <span class='ocrx_word' id='word_1_372' title='bbox 752 3455 780 3506; x_wconf 89' lang='grc' dir='ltr'><em>ει</em></span> <span class='ocrx_word' id='word_1_373' title='bbox 794 3450 876 3523; x_wconf 91' lang='lat' dir='ltr'><em>quod</em></span> <span class='ocrx_word' id='word_1_374' title='bbox 887 3465 954 3522; x_wconf 90' lang='lat' dir='ltr'><em>pro·</em></span> 
     </span>
    </p>

    <p class='ocr_par' dir='ltr' id='par_1_8' title="bbox 125 3520 955 3609">
     <span class='ocr_line' id='line_1_47' title="bbox 125 3520 955 3609; baseline 0 -32"><span class='ocrx_word' id='word_1_375' title='bbox 125 3520 253 3602; x_wconf 82' lang='lat' dir='ltr'><em>missum</em></span> <span class='ocrx_word' id='word_1_376' title='bbox 267 3528 310 3577; x_wconf 92' lang='grc' dir='ltr'><em>εει</em></span> <span class='ocrx_word' id='word_1_377' title='bbox 324 3521 474 3578; x_wconf 88' lang='lat' dir='ltr'><em>redditum</em></span> <span class='ocrx_word' id='word_1_378' title='bbox 491 3528 545 3589; x_wconf 86' lang='lat' dir='ltr'><em>cst,</em></span> <span class='ocrx_word' id='word_1_379' title='bbox 562 3528 588 3578; x_wconf 90' lang='lat' dir='ltr'><em>et</em></span> <span class='ocrx_word' id='word_1_380' title='bbox 604 3523 691 3609; x_wconf 86' lang='grc' dir='ltr'>ειερίι</span> <span class='ocrx_word' id='word_1_381' title='bbox 717 3522 784 3579; x_wconf 90' lang='lat' dir='ltr'><em>soiri</em></span> <span class='ocrx_word' id='word_1_382' title='bbox 797 3522 878 3594; x_wconf 92' lang='lat' dir='ltr'><em>quod</em></span> <span class='ocrx_word' id='word_1_383' title='bbox 893 3528 955 3577; x_wconf 89' lang='lat' dir='ltr'><em>erut</em></span> 
     </span>
    </p>

    <p class='ocr_par' dir='ltr' id='par_1_9' title="bbox 122 3594 955 3736">
     <span class='ocr_line' id='line_1_48' title="bbox 122 3594 955 3719; baseline 0.002 -72"><span class='ocrx_word' id='word_1_384' title='bbox 122 3607 320 3719; x_wconf 64' lang='lat' dir='ltr'><em>promissum.</em></span> <span class='ocrx_word' id='word_1_385' title='bbox 339 3594 534 3649; x_wconf 73' lang='lat' dir='ltr'><em>prominentis</em></span> <span class='ocrx_word' id='word_1_386' title='bbox 547 3595 626 3650; x_wconf 91' lang='lat' dir='ltr'><em>enim</em></span> <span class='ocrx_word' id='word_1_387' title='bbox 637 3594 712 3650; x_wconf 85' lang='lat' dir='ltr'><em>indes</em></span> <span class='ocrx_word' id='word_1_388' title='bbox 725 3601 796 3649; x_wconf 89' lang='lat' dir='ltr'><em>tunc</em></span> <span class='ocrx_word' id='word_1_389' title='bbox 807 3609 876 3650; x_wconf 85' lang='lat' dir='ltr'><em>vera</em></span> <span class='ocrx_word' id='word_1_390' title='bbox 888 3608 955 3665; x_wconf 92' lang='lat' dir='ltr'><em>pro·</em></span> 
     </span>
     <span class='ocr_line' id='line_1_49' title="bbox 147 3666 653 3736; baseline -0.002 -16"><span class='ocrx_word' id='word_1_391' title='bbox 147 3668 223 3729; x_wconf 87' lang='lat' dir='ltr'><em>atur,</em></span> <span class='ocrx_word' id='word_1_392' title='bbox 237 3680 307 3719; x_wconf 81' lang='lat' dir='ltr'><em>crim</em></span> <span class='ocrx_word' id='word_1_393' title='bbox 323 3666 450 3720; x_wconf 81' lang='lat' dir='ltr'><em>exsolvit</em></span> <span class='ocrx_word' id='word_1_394' title='bbox 462 3666 653 3736; x_wconf 89' lang='lat' dir='ltr'><em>promissum.</em></span> 
     </span>
    </p>

    <p class='ocr_par' dir='ltr' id='par_1_10' title="bbox 123 3734 955 3879">
     <span class='ocr_line' id='line_1_50' title="bbox 162 3734 955 3808; baseline 0.001 -18"><span class='ocrx_word' id='word_1_395' title='bbox 162 3736 202 3807; x_wconf 89' lang='lat' dir='ltr'><em>(a)</em></span> <span class='ocrx_word' id='word_1_396' title='bbox 218 3734 385 3791; x_wconf 89' lang='lat' dir='ltr'><em>Videndum</em></span> <span class='ocrx_word' id='word_1_397' title='bbox 409 3744 453 3791; x_wconf 90' lang='grc' dir='ltr'><em>εει</em></span> <span class='ocrx_word' id='word_1_398' title='bbox 468 3736 540 3808; x_wconf 93' lang='lat' dir='ltr'><em>quid</em></span> <span class='ocrx_word' id='word_1_399' title='bbox 558 3739 605 3805; x_wconf 88' lang='lat' dir='ltr'><em>sit,</em></span> <span class='ocrx_word' id='word_1_400' title='bbox 631 3737 686 3792; x_wconf 78' lang='lat' dir='ltr'><em>her</em></span> <span class='ocrx_word' id='word_1_401' title='bbox 700 3752 748 3808; x_wconf 87' lang='lat' dir='ltr'><em>per</em></span> <span class='ocrx_word' id='word_1_402' title='bbox 762 3736 874 3807; x_wconf 77' lang='lat' dir='ltr'><em>Moysen</em></span> <span class='ocrx_word' id='word_1_403' title='bbox 887 3735 955 3791; x_wconf 88' lang='lat' dir='ltr'><em>data</em></span> 
     </span>
     <span class='ocr_line' id='line_1_51' title="bbox 123 3806 954 3879; baseline 0 -18"><span class='ocrx_word' id='word_1_404' title='bbox 123 3812 173 3861; x_wconf 85' lang='lat' dir='ltr'><em>ert.</em></span> <span class='ocrx_word' id='word_1_405' title='bbox 191 3810 242 3862; x_wconf 80' lang='lat' dir='ltr'><em>Per</em></span> <span class='ocrx_word' id='word_1_406' title='bbox 256 3809 378 3879; x_wconf 82' lang='lat' dir='ltr'><em>Moysen</em></span> <span class='ocrx_word' id='word_1_407' title='bbox 393 3814 493 3864; x_wconf 91' lang='lat' dir='ltr'><em>autem</em></span> <span class='ocrx_word' id='word_1_408' title='bbox 518 3807 576 3863; x_wconf 81' lang='lat' dir='ltr'><em>Lex</em></span> <span class='ocrx_word' id='word_1_409' title='bbox 591 3809 672 3873; x_wconf 87' lang='lat' dir='ltr'><em>data,</em></span> <span class='ocrx_word' id='word_1_410' title='bbox 689 3809 847 3863; x_wconf 80' lang='lat' dir='ltr'><em>manifesta</em></span> <span class='ocrx_word' id='word_1_411' title='bbox 863 3806 954 3862; x_wconf 90' lang='lat' dir='ltr'><em>habet</em></span> 
     </span>
    </p>

    <p class='ocr_par' dir='ltr' id='par_1_11' title="bbox 120 3876 955 4806">
     <span class='ocr_line' id='line_1_52' title="bbox 147 3876 952 3950; baseline 0.001 -18"><span class='ocrx_word' id='word_1_412' title='bbox 147 3884 282 3949; x_wconf 81' lang='lat' dir='ltr'><em>raeoepla,</em></span> <span class='ocrx_word' id='word_1_413' title='bbox 299 3880 409 3950; x_wconf 91' lang='lat' dir='ltr'><em>etquid</em></span> <span class='ocrx_word' id='word_1_414' title='bbox 422 3878 482 3936; x_wconf 90' lang='lat' dir='ltr'><em>illic</em></span> <span class='ocrx_word' id='word_1_415' title='bbox 496 3894 554 3935; x_wconf 90' lang='lat' dir='ltr'><em>nun</em></span> <span class='ocrx_word' id='word_1_416' title='bbox 569 3880 622 3936; x_wconf 90' lang='lat' dir='ltr'><em>erit</em></span> <span class='ocrx_word' id='word_1_417' title='bbox 632 3878 756 3935; x_wconf 76' lang='lat' dir='ltr'><em>verum‘l</em></span> <span class='ocrx_word' id='word_1_418' title='bbox 768 3879 829 3935; x_wconf 85' lang='lat' dir='ltr'><em>Non</em></span> <span class='ocrx_word' id='word_1_419' title='bbox 841 3876 952 3944; x_wconf 82' lang='lat' dir='ltr'><em>occides,</em></span> 
     </span>
     <span class='ocr_line' id='line_1_53' title="bbox 121 3892 955 4021; baseline 0 -16"><span class='ocrx_word' id='word_1_420' title='bbox 121 3892 187 4005; x_wconf 43' lang='grc' dir='ltr'><em>ᾖσε</em></span> <span class='ocrx_word' id='word_1_421' title='bbox 199 3949 382 4018; x_wconf 73' lang='lat' dir='ltr'><em>fornicaberis</em></span> <span class='ocrx_word' id='word_1_422' title='bbox 395 3950 410 4002; x_wconf 85' lang='lat' dir='ltr'><em>‘l</em></span> <span class='ocrx_word' id='word_1_423' title='bbox 423 3950 493 4006; x_wconf 87' lang='lat' dir='ltr'><em>talia</em></span> <span class='ocrx_word' id='word_1_424' title='bbox 508 3955 536 4005; x_wconf 91' lang='lat' dir='ltr'><em>et</em></span> <span class='ocrx_word' id='word_1_425' title='bbox 550 3957 657 4007; x_wconf 80' lang='lat' dir='ltr'><em>caetera</em></span> <span class='ocrx_word' id='word_1_426' title='bbox 670 3954 747 4005; x_wconf 85' lang='lat' dir='ltr'><em>suut.</em></span> <span class='ocrx_word' id='word_1_427' title='bbox 765 3949 821 4005; x_wconf 88' lang='lat' dir='ltr'><em>Sed</em></span> <span class='ocrx_word' id='word_1_428' title='bbox 837 3950 955 4021; x_wconf 81' lang='lat' dir='ltr'><em>scripsit</em></span> 
     </span>
     <span class='ocr_line' id='line_1_54' title="bbox 122 4019 953 4095; baseline -0.002 -19"><span class='ocrx_word' id='word_1_429' title='bbox 122 4024 153 4076; x_wconf 87' lang='grc' dir='ltr'><em>ει</em></span> <span class='ocrx_word' id='word_1_430' title='bbox 168 4019 321 4077; x_wconf 77' lang='lat' dir='ltr'><em>historiam</em></span> <span class='ocrx_word' id='word_1_431' title='bbox 335 4023 363 4077; x_wconf 90' lang='lat' dir='ltr'><em>in</em></span> <span class='ocrx_word' id='word_1_432' title='bbox 376 4038 437 4095; x_wconf 89' lang='lat' dir='ltr'><em>qua</em></span> <span class='ocrx_word' id='word_1_433' title='bbox 446 4037 542 4094; x_wconf 89' lang='lat' dir='ltr'><em>usque</em></span> <span class='ocrx_word' id='word_1_434' title='bbox 555 4021 593 4077; x_wconf 90' lang='lat' dir='ltr'><em>ad</em></span> <span class='ocrx_word' id='word_1_435' title='bbox 608 4022 769 4077; x_wconf 81' lang='lat' dir='ltr'><em>adveutum</em></span> <span class='ocrx_word' id='word_1_436' title='bbox 781 4020 953 4086; x_wconf 88' lang='lat' dir='ltr'><em>Salvatoris,</em></span> 
     </span>
     <span class='ocr_line' id='line_1_55' title="bbox 122 4093 953 4164; baseline 0.002 -18"><span class='ocrx_word' id='word_1_437' title='bbox 122 4106 192 4164; x_wconf 84' lang='lat' dir='ltr'><em>quoe</em></span> <span class='ocrx_word' id='word_1_438' title='bbox 207 4098 286 4149; x_wconf 89' lang='lat' dir='ltr'><em>osset</em></span> <span class='ocrx_word' id='word_1_439' title='bbox 302 4093 420 4158; x_wconf 89' lang='lat' dir='ltr'><em>veritas,</em></span> <span class='ocrx_word' id='word_1_440' title='bbox 432 4093 622 4149; x_wconf 85' lang='lat' dir='ltr'><em>manifestata</em></span> <span class='ocrx_word' id='word_1_441' title='bbox 639 4108 698 4147; x_wconf 92' lang='lat' dir='ltr'><em>uon</em></span> <span class='ocrx_word' id='word_1_442' title='bbox 711 4095 783 4147; x_wconf 83' lang='lat' dir='ltr'><em>erat.</em></span> <span class='ocrx_word' id='word_1_443' title='bbox 796 4093 867 4147; x_wconf 87' lang='lat' dir='ltr'><em>Cam</em></span> <span class='ocrx_word' id='word_1_444' title='bbox 882 4107 953 4162; x_wconf 88' lang='lat' dir='ltr'><em>ergo</em></span> 
     </span>
     <span class='ocr_line' id='line_1_56' title="bbox 122 4161 951 4234; baseline -0.001 -16"><span class='ocrx_word' id='word_1_445' title='bbox 122 4178 179 4233; x_wconf 88' lang='lat' dir='ltr'><em>per</em></span> <span class='ocrx_word' id='word_1_446' title='bbox 192 4161 340 4219; x_wconf 87' lang='lat' dir='ltr'><em>Christum</em></span> <span class='ocrx_word' id='word_1_447' title='bbox 369 4164 588 4231; x_wconf 84' lang='lat' dir='ltr'><em>manifestatur,</em></span> <span class='ocrx_word' id='word_1_448' title='bbox 613 4166 698 4233; x_wconf 87' lang='lat' dir='ltr'><em>cujus</em></span> <span class='ocrx_word' id='word_1_449' title='bbox 719 4162 951 4234; x_wconf 88' lang='lat' dir='ltr'><em>porsonadicat,</em></span> 
     </span>
     <span class='ocr_line' id='line_1_57' title="bbox 121 4233 952 4308; baseline -0.001 -19"><span class='ocrx_word' id='word_1_450' title='bbox 121 4235 280 4301; x_wconf 83' lang='lat' dir='ltr'><em>Faciamus,</em></span> <span class='ocrx_word' id='word_1_451' title='bbox 296 4243 402 4306; x_wconf 82' lang='lat' dir='ltr'><em>etquae</em></span> <span class='ocrx_word' id='word_1_452' title='bbox 418 4236 453 4291; x_wconf 92' lang='lat' dir='ltr'><em>sit</em></span> <span class='ocrx_word' id='word_1_453' title='bbox 468 4251 535 4308; x_wconf 79' lang='lat' dir='ltr'><em>quie</em></span> <span class='ocrx_word' id='word_1_454' title='bbox 552 4234 641 4291; x_wconf 85' lang='lat' dir='ltr'><em>iaciat</em></span> <span class='ocrx_word' id='word_1_455' title='bbox 657 4257 663 4300; x_wconf 86' lang='grc'>;</span> <span class='ocrx_word' id='word_1_456' title='bbox 679 4235 783 4305; x_wconf 88' lang='lat' dir='ltr'><em>etquis</em></span> <span class='ocrx_word' id='word_1_457' title='bbox 800 4233 884 4289; x_wconf 87' lang='lat' dir='ltr'><em>luerit</em></span> <span class='ocrx_word' id='word_1_458' title='bbox 901 4235 952 4305; x_wconf 91' lang='lat' dir='ltr'><em>qai</em></span> 
     </span>
     <span class='ocr_line' id='line_1_58' title="bbox 122 4303 951 4387; baseline -0.002 -26"><span class='ocrx_word' id='word_1_459' title='bbox 122 4305 154 4361; x_wconf 91' lang='lat' dir='ltr'><em>in</em></span> <span class='ocrx_word' id='word_1_460' title='bbox 171 4305 258 4372; x_wconf 90' lang='lat' dir='ltr'><em>rubo,</em></span> <span class='ocrx_word' id='word_1_461' title='bbox 273 4306 506 4362; x_wconf 83' lang='lat' dir='ltr'><em>autPatriarehis</em></span> <span class='ocrx_word' id='word_1_462' title='bbox 519 4307 602 4361; x_wconf 85' lang='lat' dir='ltr'><em>risus</em></span> <span class='ocrx_word' id='word_1_463' title='bbox 616 4306 667 4372; x_wconf 88' lang='lat' dir='ltr'><em>sit;</em></span> <span class='ocrx_word' id='word_1_464' title='bbox 683 4305 772 4387; x_wconf 87' lang='lat' dir='ltr'><em>etqui</em></span> <span class='ocrx_word' id='word_1_465' title='bbox 785 4303 951 4375; x_wconf 81' lang='lat' dir='ltr'><em>inpetrem,</em></span> 
     </span>
     <span class='ocr_line' id='line_1_59' title="bbox 121 4375 951 4457; baseline -0.004 -25"><span class='ocrx_word' id='word_1_466' title='bbox 121 4392 193 4432; x_wconf 89' lang='lat' dir='ltr'><em>oum</em></span> <span class='ocrx_word' id='word_1_467' title='bbox 208 4392 319 4450; x_wconf 87' lang='lat' dir='ltr'><em>aquam</em></span> <span class='ocrx_word' id='word_1_468' title='bbox 333 4379 340 4431; x_wconf 90' lang='lat' dir='ltr'><em>i</em></span> <span class='ocrx_word' id='word_1_469' title='bbox 367 4378 557 4449; x_wconf 79' lang='lat' dir='ltr'><em>seproduxit,</em></span> <span class='ocrx_word' id='word_1_470' title='bbox 571 4382 763 4450; x_wconf 84' lang='lat' dir='ltr'><em>operatusstt,</em></span> <span class='ocrx_word' id='word_1_471' title='bbox 774 4375 951 4457; x_wconf 31' lang='lat' dir='ltr'><em>quia-Petra,</em></span> 
     </span>
     <span class='ocr_line' id='line_1_60' title="bbox 121 4393 952 4592; baseline -0.001 -18"><span class='ocrx_word' id='word_1_472' title='bbox 121 4393 506 4592; x_wconf 63' lang='lat' dir='ltr'><em>laetaniam</em></span> <span class='ocrx_word' id='word_1_473' title='bbox 519 4447 952 4592; x_wconf 62' lang='lat' dir='ltr'><em>sasimensium</em></span> 
     </span>
     <span class='ocr_line' id='line_1_61' title="bbox 120 4589 952 4665; baseline -0.001 -20"><span class='ocrx_word' id='word_1_474' title='bbox 120 4589 337 4661; x_wconf 87' lang='lat' dir='ltr'><em>intelliguntur.</em></span> <span class='ocrx_word' id='word_1_475' title='bbox 348 4592 510 4664; x_wconf 85' lang='lat' dir='ltr'><em>ltaqaeLex</em></span> <span class='ocrx_word' id='word_1_476' title='bbox 518 4608 571 4665; x_wconf 94' lang='lat' dir='ltr'><em>per</em></span> <span class='ocrx_word' id='word_1_477' title='bbox 582 4593 700 4665; x_wconf 80' lang='lat' dir='ltr'><em>Moyseo</em></span> <span class='ocrx_word' id='word_1_478' title='bbox 708 4592 778 4647; x_wconf 88' lang='lat' dir='ltr'><em>data</em></span> <span class='ocrx_word' id='word_1_479' title='bbox 790 4605 856 4646; x_wconf 88' lang='lat' dir='ltr'><em>reos</em></span> <span class='ocrx_word' id='word_1_480' title='bbox 867 4606 952 4646; x_wconf 91' lang='lat' dir='ltr'><em>cons·</em></span> 
     </span>
     <span class='ocr_line' id='line_1_62' title="bbox 120 4662 951 4734; baseline -0.001 -17"><span class='ocrx_word' id='word_1_481' title='bbox 120 4662 202 4717; x_wconf 84' lang='lat' dir='ltr'><em>titnit</em></span> <span class='ocrx_word' id='word_1_482' title='bbox 217 4669 387 4734; x_wconf 86' lang='lat' dir='ltr'><em>peccatores</em></span> <span class='ocrx_word' id='word_1_483' title='bbox 402 4680 408 4718; x_wconf 93' lang='lat'>:</span> <span class='ocrx_word' id='word_1_484' title='bbox 424 4662 524 4719; x_wconf 85' lang='lat' dir='ltr'><em>Gratia</em></span> <span class='ocrx_word' id='word_1_485' title='bbox 542 4672 641 4719; x_wconf 88' lang='lat' dir='ltr'><em>autem</em></span> <span class='ocrx_word' id='word_1_486' title='bbox 668 4665 817 4734; x_wconf 90' lang='lat' dir='ltr'><em>promissa</em></span> <span class='ocrx_word' id='word_1_487' title='bbox 831 4662 861 4717; x_wconf 89' lang='lat' dir='ltr'><em>iu</em></span> <span class='ocrx_word' id='word_1_488' title='bbox 876 4662 951 4731; x_wconf 86' lang='lat' dir='ltr'><em>Lege</em></span> 
     </span>
     <span class='ocr_line' id='line_1_63' title="bbox 121 4731 951 4806; baseline 0 -18"><span class='ocrx_word' id='word_1_489' title='bbox 121 4731 298 4799; x_wconf 86' lang='lat' dir='ltr'><em>adveniens,</em></span> <span class='ocrx_word' id='word_1_490' title='bbox 339 4735 457 4790; x_wconf 89' lang='lat' dir='ltr'><em>donatis</em></span> <span class='ocrx_word' id='word_1_491' title='bbox 491 4734 621 4806; x_wconf 90' lang='lat' dir='ltr'><em>pcccatis</em></span> <span class='ocrx_word' id='word_1_492' title='bbox 651 4740 818 4805; x_wconf 90' lang='lat' dir='ltr'><em>peccatores</em></span> <span class='ocrx_word' id='word_1_493' title='bbox 857 4741 951 4789; x_wconf 88' lang='lat' dir='ltr'><em>morte</em></span> 
     </span>
    </p>
   </div>
   <div class='ocr_carea' id='block_1_3' title="bbox 120 4804 951 4932">
    <p class='ocr_par' dir='ltr' id='par_1_12' title="bbox 120 4804 951 4932">
     <span class='ocr_line' id='line_1_64' title="bbox 120 4804 951 4932; baseline 0 -73"><span class='ocrx_word' id='word_1_494' title='bbox 120 4804 259 4877; x_wconf 87' lang='lat' dir='ltr'><em>privavit.</em></span> <span class='ocrx_word' id='word_1_495' title='bbox 273 4805 352 4861; x_wconf 92' lang='lat' dir='ltr'><em>Ordo</em></span> <span class='ocrx_word' id='word_1_496' title='bbox 368 4821 438 4874; x_wconf 89' lang='lat' dir='ltr'><em>ergo</em></span> <span class='ocrx_word' id='word_1_497' title='bbox 454 4805 507 4862; x_wconf 85' lang='lat' dir='ltr'><em>tait</em></span> <span class='ocrx_word' id='word_1_498' title='bbox 519 4807 649 4877; x_wconf 89' lang='lat' dir='ltr'><em>primum</em></span> <span class='ocrx_word' id='word_1_499' title='bbox 662 4804 769 4873; x_wconf 86' lang='lat' dir='ltr'><em>Legem</em></span> <span class='ocrx_word' id='word_1_500' title='bbox 784 4807 866 4871; x_wconf 88' lang='lat' dir='ltr'><em>dare,</em></span> <span class='ocrx_word' id='word_1_501' title='bbox 876 4820 951 4932; x_wconf 62' lang='lat' dir='ltr'><em>pos-</em></span> 
     </span>
    </p>
   </div>
   <div class='ocr_carea' id='block_1_4' title="bbox 116 4874 950 5589">
    <p class='ocr_par' dir='ltr' id='par_1_13' title="bbox 116 4874 950 5589">
     <span class='ocr_line' id='line_1_65' title="bbox 122 4874 950 4947; baseline 0 -17"><span class='ocrx_word' id='word_1_502' title='bbox 122 4881 171 4931; x_wconf 89' lang='lat' dir='ltr'><em>tea</em></span> <span class='ocrx_word' id='word_1_503' title='bbox 185 4891 254 4932; x_wconf 88' lang='lat' dir='ltr'><em>vero</em></span> <span class='ocrx_word' id='word_1_504' title='bbox 271 4876 516 4942; x_wconf 86' lang='lat' dir='ltr'><em>misericordiam,</em></span> <span class='ocrx_word' id='word_1_505' title='bbox 540 4893 606 4947; x_wconf 82' lang='lat' dir='ltr'><em>quae</em></span> <span class='ocrx_word' id='word_1_506' title='bbox 623 4883 691 4931; x_wconf 80' lang='lat' dir='ltr'><em>trano</em></span> <span class='ocrx_word' id='word_1_507' title='bbox 705 4875 734 4930; x_wconf 85' lang='lat' dir='ltr'><em>at</em></span> <span class='ocrx_word' id='word_1_508' title='bbox 750 4874 861 4943; x_wconf 87' lang='lat' dir='ltr'><em>Gratia,</em></span> <span class='ocrx_word' id='word_1_509' title='bbox 899 4892 950 4931; x_wconf 93' lang='lat' dir='ltr'><em>um</em></span> 
     </span>
     <span class='ocr_line' id='line_1_66' title="bbox 120 4945 950 5030; baseline 0.002 -29"><span class='ocrx_word' id='word_1_510' title='bbox 120 4945 216 5003; x_wconf 90' lang='lat' dir='ltr'><em>donat</em></span> <span class='ocrx_word' id='word_1_511' title='bbox 241 4953 377 5019; x_wconf 91' lang='lat' dir='ltr'><em>peccata.</em></span> <span class='ocrx_word' id='word_1_512' title='bbox 397 4953 471 5003; x_wconf 84' lang='lat' dir='ltr'><em>Ante</em></span> <span class='ocrx_word' id='word_1_513' title='bbox 496 4948 575 5003; x_wconf 89' lang='lat' dir='ltr'><em>enim</em></span> <span class='ocrx_word' id='word_1_514' title='bbox 600 4946 761 5030; x_wconf 88' lang='lat' dir='ltr'><em>promissio</em></span> <span class='ocrx_word' id='word_1_515' title='bbox 786 4956 856 5016; x_wconf 88' lang='lat' dir='ltr'><em>erat,</em></span> <span class='ocrx_word' id='word_1_516' title='bbox 882 4963 950 5019; x_wconf 81' lang='lat' dir='ltr'><em>quac</em></span> 
     </span>
     <span class='ocr_line' id='line_1_67' title="bbox 119 5016 950 5090; baseline -0.001 -17"><span class='ocrx_word' id='word_1_517' title='bbox 119 5022 227 5090; x_wconf 88' lang='lat' dir='ltr'><em>postea</em></span> <span class='ocrx_word' id='word_1_518' title='bbox 242 5019 275 5074; x_wconf 91' lang='lat' dir='ltr'><em>fit</em></span> <span class='ocrx_word' id='word_1_519' title='bbox 290 5019 397 5085; x_wconf 84' lang='lat' dir='ltr'><em>gratia.</em></span> <span class='ocrx_word' id='word_1_520' title='bbox 410 5020 499 5075; x_wconf 86' lang='lat' dir='ltr'><em>Veniet</em></span> <span class='ocrx_word' id='word_1_521' title='bbox 511 5019 592 5082; x_wconf 82' lang='lat' dir='ltr'><em>eninr,</em></span> <span class='ocrx_word' id='word_1_522' title='bbox 607 5018 712 5088; x_wconf 84' lang='lat' dir='ltr'><em>inquit,</em></span> <span class='ocrx_word' id='word_1_523' title='bbox 727 5034 759 5072; x_wconf 81' lang='lat' dir='ltr'><em>ea</em></span> <span class='ocrx_word' id='word_1_524' title='bbox 770 5016 834 5072; x_wconf 85' lang='lat' dir='ltr'><em>Sion</em></span> <span class='ocrx_word' id='word_1_525' title='bbox 842 5020 891 5089; x_wconf 88' lang='lat' dir='ltr'><em>qni</em></span> <span class='ocrx_word' id='word_1_526' title='bbox 895 5019 950 5075; x_wconf 88' lang='lat' dir='ltr'><em>eri-</em></span> 
     </span>
     <span class='ocr_line' id='line_1_68' title="bbox 139 5088 948 5162; baseline -0.002 -19"><span class='ocrx_word' id='word_1_527' title='bbox 139 5089 180 5144; x_wconf 83' lang='lat' dir='ltr'><em>iat</em></span> <span class='ocrx_word' id='word_1_528' title='bbox 193 5096 218 5144; x_wconf 88' lang='lat' dir='ltr'><em>et</em></span> <span class='ocrx_word' id='word_1_529' title='bbox 230 5096 337 5146; x_wconf 86' lang='lat' dir='ltr'><em>auertat</em></span> <span class='ocrx_word' id='word_1_530' title='bbox 350 5091 514 5162; x_wconf 86' lang='lat' dir='ltr'><em>impietatem</em></span> <span class='ocrx_word' id='word_1_531' title='bbox 530 5090 564 5145; x_wconf 84' lang='lat' dir='ltr'><em>ab</em></span> <span class='ocrx_word' id='word_1_532' title='bbox 577 5089 659 5146; x_wconf 82' lang='lat' dir='ltr'><em>Jaeoh</em></span> <span class='ocrx_word' id='word_1_533' title='bbox 675 5088 752 5159; x_wconf 83' lang='lat' dir='ltr'><em>(lsai.</em></span> <span class='ocrx_word' id='word_1_534' title='bbox 770 5104 823 5150; x_wconf 81' lang='lat' dir='ltr'><em>arx,</em></span> <span class='ocrx_word' id='word_1_535' title='bbox 840 5092 883 5151; x_wconf 76' lang='grc' dir='ltr'>ιο,</span> <span class='ocrx_word' id='word_1_536' title='bbox 898 5104 948 5143; x_wconf 83' lang='lat' dir='ltr'><em>rec.</em></span> 
     </span>
     <span class='ocr_line' id='line_1_69' title="bbox 116 5104 949 5234; baseline -0.001 -18"><span class='ocrx_word' id='word_1_537' title='bbox 116 5104 211 5231; x_wconf 48' lang='lat' dir='ltr'><em>solih).</em></span> <span class='ocrx_word' id='word_1_538' title='bbox 233 5163 299 5218; x_wconf 87' lang='lat' dir='ltr'><em>llaec</em></span> <span class='ocrx_word' id='word_1_539' title='bbox 312 5163 472 5234; x_wconf 84' lang='lat' dir='ltr'><em>promissio</em></span> <span class='ocrx_word' id='word_1_540' title='bbox 488 5177 540 5233; x_wconf 88' lang='lat' dir='ltr'><em>per</em></span> <span class='ocrx_word' id='word_1_541' title='bbox 553 5162 711 5227; x_wconf 83' lang='lat' dir='ltr'><em>Christum,</em></span> <span class='ocrx_word' id='word_1_542' title='bbox 728 5160 806 5215; x_wconf 87' lang='lat' dir='ltr'><em>lacta</em></span> <span class='ocrx_word' id='word_1_543' title='bbox 821 5165 866 5215; x_wconf 90' lang='lat' dir='ltr'><em>est</em></span> <span class='ocrx_word' id='word_1_544' title='bbox 879 5160 949 5215; x_wconf 88' lang='lat' dir='ltr'><em>Gra-</em></span> 
     </span>
     <span class='ocr_line' id='line_1_70' title="bbox 119 5230 948 5304; baseline -0.001 -18"><span class='ocrx_word' id='word_1_545' title='bbox 119 5231 173 5297; x_wconf 87' lang='lat' dir='ltr'><em>tia,</em></span> <span class='ocrx_word' id='word_1_546' title='bbox 203 5232 276 5289; x_wconf 89' lang='lat' dir='ltr'><em>dum</em></span> <span class='ocrx_word' id='word_1_547' title='bbox 292 5232 386 5290; x_wconf 88' lang='lat' dir='ltr'><em>donat</em></span> <span class='ocrx_word' id='word_1_548' title='bbox 408 5232 498 5303; x_wconf 85' lang='lat' dir='ltr'><em>gratis</em></span> <span class='ocrx_word' id='word_1_549' title='bbox 522 5236 654 5304; x_wconf 88' lang='lat' dir='ltr'><em>peccata.</em></span> <span class='ocrx_word' id='word_1_550' title='bbox 672 5230 830 5297; x_wconf 83' lang='lat' dir='ltr'><em>Quomodo</em></span> <span class='ocrx_word' id='word_1_551' title='bbox 850 5235 948 5287; x_wconf 77' lang='lat' dir='ltr'><em>aretem</em></span> 
     </span>
     <span class='ocr_line' id='line_1_71' title="bbox 121 5301 950 5378; baseline 0.001 -21"><span class='ocrx_word' id='word_1_552' title='bbox 121 5301 250 5360; x_wconf 86' lang='lat' dir='ltr'><em>donaret</em></span> <span class='ocrx_word' id='word_1_553' title='bbox 276 5310 409 5376; x_wconf 90' lang='lat' dir='ltr'><em>peccata,</em></span> <span class='ocrx_word' id='word_1_554' title='bbox 426 5305 526 5359; x_wconf 92' lang='lat' dir='ltr'><em>sinon</em></span> <span class='ocrx_word' id='word_1_555' title='bbox 550 5304 633 5378; x_wconf 88' lang='lat' dir='ltr'><em>prius</em></span> <span class='ocrx_word' id='word_1_556' title='bbox 660 5303 765 5373; x_wconf 83' lang='lat' dir='ltr'><em>Legem</em></span> <span class='ocrx_word' id='word_1_557' title='bbox 788 5303 880 5366; x_wconf 89' lang='lat' dir='ltr'><em>duret,</em></span> <span class='ocrx_word' id='word_1_558' title='bbox 896 5318 950 5373; x_wconf 90' lang='lat' dir='ltr'><em>per</em></span> 
     </span>
     <span class='ocr_line' id='line_1_72' title="bbox 118 5373 949 5446; baseline 0 -19"><span class='ocrx_word' id='word_1_559' title='bbox 118 5389 211 5446; x_wconf 87' lang='lat' dir='ltr'><em>quam</em></span> <span class='ocrx_word' id='word_1_560' title='bbox 227 5375 284 5431; x_wconf 89' lang='lat' dir='ltr'><em>reis</em></span> <span class='ocrx_word' id='word_1_561' title='bbox 299 5376 385 5431; x_wconf 88' lang='lat' dir='ltr'><em>lactis</em></span> <span class='ocrx_word' id='word_1_562' title='bbox 398 5376 517 5431; x_wconf 85' lang='lat' dir='ltr'><em>veniam</em></span> <span class='ocrx_word' id='word_1_563' title='bbox 532 5374 690 5446; x_wconf 80' lang='lat' dir='ltr'><em>largiretur</em></span> <span class='ocrx_word' id='word_1_564' title='bbox 706 5374 807 5430; x_wconf 79' lang='lat' dir='ltr'><em>‘lNam</em></span> <span class='ocrx_word' id='word_1_565' title='bbox 823 5388 883 5428; x_wconf 91' lang='lat' dir='ltr'><em>nna</em></span> <span class='ocrx_word' id='word_1_566' title='bbox 898 5373 949 5428; x_wconf 91' lang='lat' dir='ltr'><em>da·</em></span> 
     </span>
     <span class='ocr_line' id='line_1_73' title="bbox 119 5445 948 5517; baseline -0.002 -15"><span class='ocrx_word' id='word_1_567' title='bbox 119 5453 165 5502; x_wconf 86' lang='lat' dir='ltr'><em>ret</em></span> <span class='ocrx_word' id='word_1_568' title='bbox 180 5447 236 5501; x_wconf 88' lang='lat' dir='ltr'><em>nisi</em></span> <span class='ocrx_word' id='word_1_569' title='bbox 258 5447 338 5517; x_wconf 92' lang='lat' dir='ltr'><em>quod</em></span> <span class='ocrx_word' id='word_1_570' title='bbox 367 5445 424 5502; x_wconf 91' lang='lat' dir='ltr'><em>sibi</em></span> <span class='ocrx_word' id='word_1_571' title='bbox 440 5446 615 5503; x_wconf 87' lang='lat' dir='ltr'><em>debebatur.</em></span> <span class='ocrx_word' id='word_1_572' title='bbox 645 5445 751 5501; x_wconf 86' lang='lat' dir='ltr'><em>Deberi</em></span> <span class='ocrx_word' id='word_1_573' title='bbox 774 5449 948 5501; x_wconf 86' lang='lat' dir='ltr'><em>autemnon</em></span> 
     </span>
     <span class='ocr_line' id='line_1_74' title="bbox 118 5517 595 5589; baseline 0 -17"><span class='ocrx_word' id='word_1_574' title='bbox 118 5521 247 5589; x_wconf 90' lang='lat' dir='ltr'><em>poterat,</em></span> <span class='ocrx_word' id='word_1_575' title='bbox 261 5517 317 5573; x_wconf 91' lang='lat' dir='ltr'><em>nisi</em></span> <span class='ocrx_word' id='word_1_576' title='bbox 335 5519 390 5574; x_wconf 83' lang='lat' dir='ltr'><em>Lex</em></span> <span class='ocrx_word' id='word_1_577' title='bbox 407 5519 595 5589; x_wconf 73' lang='lat' dir='ltr'><em>procederet.</em></span> 
     </span>
    </p>
   </div>
   <div class='ocr_carea' id='block_1_5' title="bbox 156 5586 950 5661">
    <p class='ocr_par' dir='ltr' id='par_1_14' title="bbox 156 5586 950 5661">
     <span class='ocr_line' id='line_1_75' title="bbox 156 5586 950 5661; baseline -0.001 -18"><span class='ocrx_word' id='word_1_578' title='bbox 156 5587 278 5645; x_wconf 85' lang='lat' dir='ltr'><em>Lxxva.</em></span> <span class='ocrx_word' id='word_1_579' title='bbox 296 5620 328 5631; x_wconf 97' lang='lat'><em>-</em></span> <span class='ocrx_word' id='word_1_580' title='bbox 345 5589 422 5655; x_wconf 83' lang='lat' dir='ltr'><em>Quid</em></span> <span class='ocrx_word' id='word_1_581' title='bbox 433 5595 477 5645; x_wconf 87' lang='lat' dir='ltr'><em>est</em></span> <span class='ocrx_word' id='word_1_582' title='bbox 491 5589 573 5661; x_wconf 90' lang='lat' dir='ltr'><em>quod</em></span> <span class='ocrx_word' id='word_1_583' title='bbox 590 5590 667 5644; x_wconf 88' lang='lat' dir='ltr'><em>iuter</em></span> <span class='ocrx_word' id='word_1_584' title='bbox 679 5586 865 5644; x_wconf 86' lang='lat' dir='ltr'><em>oreteradicit</em></span> <span class='ocrx_word' id='word_1_585' title='bbox 876 5587 950 5644; x_wconf 81' lang='lat' dir='ltr'><em>llar-</em></span> 
     </span>
    </p>
   </div>
   <div class='ocr_carea' id='block_1_6' title="bbox 117 5674 950 5808">
    <p class='ocr_par' dir='ltr' id='par_1_15' title="bbox 117 5674 950 5808">
     <span class='ocr_line' id='line_1_76' title="bbox 152 5674 950 5743; baseline 0 -18"><span class='ocrx_word' id='word_1_586' title='bbox 152 5676 189 5739; x_wconf 84' lang='lat' dir='ltr'><em>(at</em></span> <span class='ocrx_word' id='word_1_587' title='bbox 206 5676 321 5737; x_wconf 77' lang='lat' dir='ltr'><em>Quaestio</em></span> <span class='ocrx_word' id='word_1_588' title='bbox 343 5678 435 5729; x_wconf 88' lang='lat' dir='ltr'><em>eadem</em></span> <span class='ocrx_word' id='word_1_589' title='bbox 460 5692 492 5729; x_wconf 86' lang='lat' dir='ltr'><em>ex</em></span> <span class='ocrx_word' id='word_1_590' title='bbox 519 5677 583 5728; x_wconf 81' lang='lat' dir='ltr'><em>hies.</em></span> <span class='ocrx_word' id='word_1_591' title='bbox 610 5676 721 5727; x_wconf 88' lang='lat' dir='ltr'><em>secundi</em></span> <span class='ocrx_word' id='word_1_592' title='bbox 748 5674 862 5743; x_wconf 82' lang='lat' dir='ltr'><em>generis,</em></span> <span class='ocrx_word' id='word_1_593' title='bbox 879 5674 950 5726; x_wconf 89' lang='lat' dir='ltr'><em>iuter</em></span> 
     </span>
     <span class='ocr_line' id='line_1_77' title="bbox 117 5739 715 5808; baseline -0.002 -17"><span class='ocrx_word' id='word_1_594' title='bbox 117 5739 318 5808; x_wconf 69' lang='lat' dir='ltr'><em>pastrengum</em></span> <span class='ocrx_word' id='word_1_595' title='bbox 335 5754 368 5794; x_wconf 86' lang='lat' dir='ltr'><em>ex</em></span> <span class='ocrx_word' id='word_1_596' title='bbox 386 5741 459 5792; x_wconf 79' lang='lat' dir='ltr'><em>ltono</em></span> <span class='ocrx_word' id='word_1_597' title='bbox 473 5741 546 5798; x_wconf 85' lang='grc' dir='ltr'>Τεει.</span> <span class='ocrx_word' id='word_1_598' title='bbox 568 5741 715 5807; x_wconf 81' lang='lat' dir='ltr'><em>trigesima.</em></span> 
     </span>
    </p>
   </div>
   <div class='ocr_carea' id='block_1_7' title="bbox 884 176 1081 248">
    <p class='ocr_par' dir='ltr' id='par_1_16' title="bbox 884 176 1081 248">
     <span class='ocr_line' id='line_1_78' title="bbox 884 176 1081 248; baseline 0.015 -4"><span class='ocrx_word' id='word_1_599' title='bbox 884 176 1081 248; x_wconf 65' lang='lat' dir='ltr'><em>landabile.</em></span> 
     </span>
    </p>
   </div>
   <div class='ocr_carea' id='block_1_8' title="bbox 1762 192 1833 255">
    <p class='ocr_par' dir='ltr' id='par_1_17' title="bbox 1762 192 1833 255">
     <span class='ocr_line' id='line_1_79' title="bbox 1762 192 1833 255; baseline 0.014 -1"><span class='ocrx_word' id='word_1_600' title='bbox 1762 192 1833 255; x_wconf 69' lang='lat'><em>2274</em></span> 
     </span>
    </p>
   </div>
   <div class='ocr_carea' id='block_1_9' title="bbox 1003 312 1836 4881">
    <p class='ocr_par' dir='ltr' id='par_1_18' title="bbox 1004 312 1832 585">
     <span class='ocr_line' id='line_1_80' title="bbox 1004 312 1832 385; baseline 0.01 -15"><span class='ocrx_word' id='word_1_601' title='bbox 1004 330 1056 370; x_wconf 85' lang='lat' dir='ltr'><em>cas</em></span> <span class='ocrx_word' id='word_1_602' title='bbox 1069 312 1259 385; x_wconf 84' lang='lat' dir='ltr'><em>Evangelista</em></span> <span class='ocrx_word' id='word_1_603' title='bbox 1272 313 1309 371; x_wconf 91' lang='lat' dir='ltr'><em>de</em></span> <span class='ocrx_word' id='word_1_604' title='bbox 1320 314 1443 381; x_wconf 85' lang='lat' dir='ltr'><em>Christo,</em></span> <span class='ocrx_word' id='word_1_605' title='bbox 1459 312 1613 371; x_wconf 84' lang='lat' dir='ltr'><em>Intransin</em></span> <span class='ocrx_word' id='word_1_606' title='bbox 1623 316 1731 375; x_wconf 69' lang='lat' dir='ltr'><em>mann</em></span> <span class='ocrx_word' id='word_1_607' title='bbox 1744 321 1832 378; x_wconf 84' lang='lat' dir='ltr'><em>noivit</em></span> 
     </span>
     <span class='ocr_line' id='line_1_81' title="bbox 1005 386 1831 465; baseline 0.008 -23"><span class='ocrx_word' id='word_1_608' title='bbox 1005 387 1136 442; x_wconf 84' lang='lat' dir='ltr'><em>neminem</em></span> <span class='ocrx_word' id='word_1_609' title='bbox 1161 386 1241 452; x_wconf 81' lang='lat' dir='ltr'><em>seire,</em></span> <span class='ocrx_word' id='word_1_610' title='bbox 1256 393 1280 441; x_wconf 87' lang='lat' dir='ltr'><em>et</em></span> <span class='ocrx_word' id='word_1_611' title='bbox 1303 404 1357 442; x_wconf 90' lang='lat' dir='ltr'><em>non</em></span> <span class='ocrx_word' id='word_1_612' title='bbox 1366 388 1456 459; x_wconf 81' lang='lat' dir='ltr'><em>potuit</em></span> <span class='ocrx_word' id='word_1_613' title='bbox 1470 386 1553 443; x_wconf 88' lang='lat' dir='ltr'><em>latere</em></span> <span class='ocrx_word' id='word_1_614' title='bbox 1568 387 1667 460; x_wconf 82' lang='lat' dir='ltr'><em>(Maro.</em></span> <span class='ocrx_word' id='word_1_615' title='bbox 1684 407 1731 454; x_wconf 88' lang='lat' dir='ltr'><em>vn,</em></span> <span class='ocrx_word' id='word_1_616' title='bbox 1759 392 1831 465; x_wconf 77' lang='lat'><strong>24)?</strong></span> 
     </span>
     <span class='ocr_line' id='line_1_82' title="bbox 1006 457 1830 584; baseline 0.008 -72"><span class='ocrx_word' id='word_1_617' title='bbox 1006 458 1115 584; x_wconf 53' lang='lat' dir='ltr'><em>sigrgo</em></span> <span class='ocrx_word' id='word_1_618' title='bbox 1127 457 1218 513; x_wconf 87' lang='lat' dir='ltr'><em>voluit</em></span> <span class='ocrx_word' id='word_1_619' title='bbox 1228 463 1256 514; x_wconf 92' lang='lat' dir='ltr'><em>et</em></span> <span class='ocrx_word' id='word_1_620' title='bbox 1268 473 1330 514; x_wconf 90' lang='lat' dir='ltr'><em>non</em></span> <span class='ocrx_word' id='word_1_621' title='bbox 1340 459 1444 531; x_wconf 92' lang='lat' dir='ltr'><em>potuit,</em></span> <span class='ocrx_word' id='word_1_622' title='bbox 1454 458 1606 516; x_wconf 87' lang='lat' dir='ltr'><em>infirmata</em></span> <span class='ocrx_word' id='word_1_623' title='bbox 1615 460 1750 518; x_wconf 88' lang='lat' dir='ltr'><em>voluntas</em></span> <span class='ocrx_word' id='word_1_624' title='bbox 1765 465 1830 535; x_wconf 88' lang='lat' dir='ltr'><em>ejus</em></span> 
     </span>
     <span class='ocr_line' id='line_1_83' title="bbox 1006 530 1130 585; baseline -0.024 0"><span class='ocrx_word' id='word_1_625' title='bbox 1006 530 1033 585; x_wconf 85' lang='lat' dir='ltr'><em>ri</em></span> <span class='ocrx_word' id='word_1_626' title='bbox 1056 537 1130 584; x_wconf 90' lang='lat' dir='ltr'><em>etur.</em></span> 
     </span>
    </p>

    <p class='ocr_par' dir='ltr' id='par_1_19' title="bbox 1003 599 1833 3079">
     <span class='ocr_line' id='line_1_84' title="bbox 1042 599 1831 673; baseline 0.006 -18"><span class='ocrx_word' id='word_1_627' title='bbox 1042 599 1226 673; x_wconf 85' lang='lat' dir='ltr'><em>lmpossibilo</em></span> <span class='ocrx_word' id='word_1_628' title='bbox 1250 615 1373 672; x_wconf 87' lang='lat' dir='ltr'><em>prorsus</em></span> <span class='ocrx_word' id='word_1_629' title='bbox 1388 607 1432 657; x_wconf 91' lang='grc' dir='ltr'><em>εει</em></span> <span class='ocrx_word' id='word_1_630' title='bbox 1447 606 1478 656; x_wconf 89' lang='grc' dir='ltr'><em>ιιι</em></span> <span class='ocrx_word' id='word_1_631' title='bbox 1507 601 1665 659; x_wconf 89' lang='lat' dir='ltr'><em>Salvatoris</em></span> <span class='ocrx_word' id='word_1_632' title='bbox 1693 603 1831 660; x_wconf 89' lang='lat' dir='ltr'><em>voluutas</em></span> 
     </span>
     <span class='ocr_line' id='line_1_85' title="bbox 1005 670 1830 746; baseline 0.006 -20"><span class='ocrx_word' id='word_1_633' title='bbox 1005 685 1066 727; x_wconf 90' lang='lat' dir='ltr'><em>non</em></span> <span class='ocrx_word' id='word_1_634' title='bbox 1082 670 1254 744; x_wconf 63' lang='lat' dir='ltr'><em>implentum</em></span> <span class='ocrx_word' id='word_1_635' title='bbox 1271 687 1325 727; x_wconf 89' lang='lat' dir='ltr'><em>nec</em></span> <span class='ocrx_word' id='word_1_636' title='bbox 1337 677 1432 743; x_wconf 91' lang='lat' dir='ltr'><em>potest</em></span> <span class='ocrx_word' id='word_1_637' title='bbox 1445 673 1518 728; x_wconf 85' lang='lat' dir='ltr'><em>velle</em></span> <span class='ocrx_word' id='word_1_638' title='bbox 1530 673 1613 746; x_wconf 92' lang='lat' dir='ltr'><em>quod</em></span> <span class='ocrx_word' id='word_1_639' title='bbox 1624 675 1679 730; x_wconf 86' lang='lat' dir='ltr'><em>scit</em></span> <span class='ocrx_word' id='word_1_640' title='bbox 1693 674 1755 731; x_wconf 89' lang='lat' dir='ltr'><em>lieri</em></span> <span class='ocrx_word' id='word_1_641' title='bbox 1770 690 1830 732; x_wconf 90' lang='lat' dir='ltr'><em>non</em></span> 
     </span>
     <span class='ocr_line' id='line_1_86' title="bbox 1004 742 1832 816; baseline 0.005 -17"><span class='ocrx_word' id='word_1_642' title='bbox 1004 743 1113 799; x_wconf 89' lang='lat' dir='ltr'><em>debere</em></span> <span class='ocrx_word' id='word_1_643' title='bbox 1126 760 1132 798; x_wconf 89' lang='lat'>:</span> <span class='ocrx_word' id='word_1_644' title='bbox 1146 742 1257 799; x_wconf 90' lang='lat' dir='ltr'><em>idcirco</em></span> <span class='ocrx_word' id='word_1_645' title='bbox 1269 744 1352 816; x_wconf 92' lang='lat' dir='ltr'><em>quod</em></span> <span class='ocrx_word' id='word_1_646' title='bbox 1378 743 1490 799; x_wconf 87' lang='lat' dir='ltr'><em>lactum</em></span> <span class='ocrx_word' id='word_1_647' title='bbox 1506 752 1559 810; x_wconf 91' lang='grc' dir='ltr'>εει,</span> <span class='ocrx_word' id='word_1_648' title='bbox 1576 744 1633 800; x_wconf 91' lang='lat' dir='ltr'><em>hoo</em></span> <span class='ocrx_word' id='word_1_649' title='bbox 1650 747 1777 802; x_wconf 88' lang='lat' dir='ltr'><em>voluisse</em></span> <span class='ocrx_word' id='word_1_650' title='bbox 1789 746 1832 802; x_wconf 91' lang='lat' dir='ltr'><em>di·</em></span> 
     </span>
     <span class='ocr_line' id='line_1_87' title="bbox 1004 814 1832 888; baseline 0.004 -17"><span class='ocrx_word' id='word_1_651' title='bbox 1004 815 1118 871; x_wconf 78' lang='lat' dir='ltr'><em>sendus</em></span> <span class='ocrx_word' id='word_1_652' title='bbox 1133 818 1187 869; x_wconf 89' lang='lat' dir='ltr'><em>est.</em></span> <span class='ocrx_word' id='word_1_653' title='bbox 1200 817 1272 870; x_wconf 81' lang='lat' dir='ltr'><em>Nam</em></span> <span class='ocrx_word' id='word_1_654' title='bbox 1286 814 1422 869; x_wconf 87' lang='lat' dir='ltr'><em>voluntas</em></span> <span class='ocrx_word' id='word_1_655' title='bbox 1435 815 1499 885; x_wconf 88' lang='lat' dir='ltr'><em>ejus</em></span> <span class='ocrx_word' id='word_1_656' title='bbox 1512 830 1668 888; x_wconf 91' lang='lat' dir='ltr'><em>nunquam</em></span> <span class='ocrx_word' id='word_1_657' title='bbox 1684 824 1767 873; x_wconf 82' lang='lat' dir='ltr'><em>extra</em></span> <span class='ocrx_word' id='word_1_658' title='bbox 1779 833 1832 874; x_wconf 93' lang='lat' dir='ltr'><em>na·</em></span> 
     </span>
     <span class='ocr_line' id='line_1_88' title="bbox 1005 887 1830 961; baseline 0.004 -19"><span class='ocrx_word' id='word_1_659' title='bbox 1005 893 1103 942; x_wconf 89' lang='lat' dir='ltr'><em>turam</em></span> <span class='ocrx_word' id='word_1_660' title='bbox 1115 888 1179 956; x_wconf 90' lang='lat' dir='ltr'><em>ejus</em></span> <span class='ocrx_word' id='word_1_661' title='bbox 1196 892 1248 941; x_wconf 90' lang='lat' dir='ltr'><em>est.</em></span> <span class='ocrx_word' id='word_1_662' title='bbox 1264 887 1343 942; x_wconf 90' lang='lat' dir='ltr'><em>Sicut</em></span> <span class='ocrx_word' id='word_1_663' title='bbox 1354 901 1424 956; x_wconf 88' lang='lat' dir='ltr'><em>ergo</em></span> <span class='ocrx_word' id='word_1_664' title='bbox 1438 893 1545 943; x_wconf 81' lang='lat' dir='ltr'><em>natrrra</em></span> <span class='ocrx_word' id='word_1_665' title='bbox 1556 887 1620 956; x_wconf 89' lang='lat' dir='ltr'><em>ejus</em></span> <span class='ocrx_word' id='word_1_666' title='bbox 1633 888 1662 942; x_wconf 92' lang='lat' dir='ltr'><em>iu</em></span> <span class='ocrx_word' id='word_1_667' title='bbox 1673 890 1830 961; x_wconf 87' lang='lat' dir='ltr'><em>reprehen-</em></span> 
     </span>
     <span class='ocr_line' id='line_1_89' title="bbox 1006 958 1831 1032; baseline 0.004 -20"><span class='ocrx_word' id='word_1_668' title='bbox 1006 958 1122 1014; x_wconf 90' lang='lat' dir='ltr'><em>sionem</em></span> <span class='ocrx_word' id='word_1_669' title='bbox 1137 972 1197 1013; x_wconf 92' lang='lat' dir='ltr'><em>non</em></span> <span class='ocrx_word' id='word_1_670' title='bbox 1223 958 1311 1021; x_wconf 91' lang='lat' dir='ltr'><em>cadit,</em></span> <span class='ocrx_word' id='word_1_671' title='bbox 1328 958 1368 1012; x_wconf 87' lang='lat' dir='ltr'><em>ita</em></span> <span class='ocrx_word' id='word_1_672' title='bbox 1391 973 1446 1012; x_wconf 90' lang='lat' dir='ltr'><em>neo</em></span> <span class='ocrx_word' id='word_1_673' title='bbox 1472 959 1623 1014; x_wconf 89' lang='lat' dir='ltr'><em>voluntas.</em></span> <span class='ocrx_word' id='word_1_674' title='bbox 1654 961 1725 1014; x_wconf 87' lang='lat' dir='ltr'><em>Nam</em></span> <span class='ocrx_word' id='word_1_675' title='bbox 1747 960 1831 1032; x_wconf 94' lang='lat' dir='ltr'><em>quod</em></span> 
     </span>
     <span class='ocr_line' id='line_1_90' title="bbox 1004 1028 1832 1111; baseline 0.002 -27"><span class='ocrx_word' id='word_1_676' title='bbox 1004 1029 1191 1111; x_wconf 83' lang='lat' dir='ltr'><em>proponitur,</em></span> <span class='ocrx_word' id='word_1_677' title='bbox 1219 1028 1329 1083; x_wconf 82' lang='lat' dir='ltr'><em>tactom</em></span> <span class='ocrx_word' id='word_1_678' title='bbox 1352 1028 1459 1098; x_wconf 88' lang='lat' dir='ltr'><em>legitur</em></span> <span class='ocrx_word' id='word_1_679' title='bbox 1474 1029 1504 1085; x_wconf 93' lang='lat' dir='ltr'><em>in</em></span> <span class='ocrx_word' id='word_1_680' title='bbox 1520 1029 1631 1085; x_wconf 86' lang='lat' dir='ltr'><em>tinibus</em></span> <span class='ocrx_word' id='word_1_681' title='bbox 1657 1031 1720 1110; x_wconf 73' lang='lat' dir='ltr'><em>Tyri</em></span> <span class='ocrx_word' id='word_1_682' title='bbox 1737 1050 1744 1088; x_wconf 88' lang='lat'>:</span> <span class='ocrx_word' id='word_1_683' title='bbox 1762 1036 1832 1087; x_wconf 92' lang='lat' dir='ltr'><em>tunc</em></span> 
     </span>
     <span class='ocr_line' id='line_1_91' title="bbox 1005 1098 1832 1163; baseline 0.006 -9"><span class='ocrx_word' id='word_1_684' title='bbox 1005 1100 1127 1155; x_wconf 81' lang='lat' dir='ltr'><em>intravit</em></span> <span class='ocrx_word' id='word_1_685' title='bbox 1140 1100 1169 1154; x_wconf 94' lang='lat' dir='ltr'><em>in</em></span> <span class='ocrx_word' id='word_1_686' title='bbox 1184 1098 1319 1163; x_wconf 91' lang='lat' dir='ltr'><em>domum,</em></span> <span class='ocrx_word' id='word_1_687' title='bbox 1332 1105 1360 1154; x_wconf 90' lang='lat' dir='ltr'><em>et</em></span> <span class='ocrx_word' id='word_1_688' title='bbox 1374 1100 1526 1155; x_wconf 88' lang='lat' dir='ltr'><em>neminem</em></span> <span class='ocrx_word' id='word_1_689' title='bbox 1541 1101 1633 1156; x_wconf 86' lang='lat' dir='ltr'><em>voluit</em></span> <span class='ocrx_word' id='word_1_690' title='bbox 1647 1117 1731 1158; x_wconf 81' lang='lat' dir='ltr'><em>scire.</em></span> <span class='ocrx_word' id='word_1_691' title='bbox 1749 1104 1832 1159; x_wconf 85' lang='lat' dir='ltr'><em>Nunc</em></span> 
     </span>
     <span class='ocr_line' id='line_1_92' title="bbox 1004 1170 1833 1244; baseline 0.002 -17"><span class='ocrx_word' id='word_1_692' title='bbox 1004 1170 1164 1242; x_wconf 83' lang='lat' dir='ltr'><em>requiritur</em></span> <span class='ocrx_word' id='word_1_693' title='bbox 1174 1170 1327 1241; x_wconf 91' lang='lat' dir='ltr'><em>quomodo</em></span> <span class='ocrx_word' id='word_1_694' title='bbox 1343 1170 1389 1226; x_wconf 87' lang='lat' dir='ltr'><em>vel</em></span> <span class='ocrx_word' id='word_1_695' title='bbox 1403 1186 1496 1244; x_wconf 89' lang='lat' dir='ltr'><em>quare</em></span> <span class='ocrx_word' id='word_1_696' title='bbox 1507 1173 1657 1228; x_wconf 89' lang='lat' dir='ltr'><em>nemiuem</em></span> <span class='ocrx_word' id='word_1_697' title='bbox 1669 1173 1762 1229; x_wconf 82' lang='lat' dir='ltr'><em>voluit</em></span> <span class='ocrx_word' id='word_1_698' title='bbox 1775 1175 1833 1229; x_wconf 88' lang='lat' dir='ltr'><em>sci-</em></span> 
     </span>
     <span class='ocr_line' id='line_1_93' title="bbox 1005 1241 1832 1316; baseline 0.004 -18"><span class='ocrx_word' id='word_1_699' title='bbox 1005 1258 1046 1298; x_wconf 89' lang='lat' dir='ltr'><em>re.</em></span> <span class='ocrx_word' id='word_1_700' title='bbox 1062 1241 1367 1297; x_wconf 76' lang='lat' dir='ltr'><em>Animadvertendum</em></span> <span class='ocrx_word' id='word_1_701' title='bbox 1384 1250 1428 1298; x_wconf 89' lang='grc' dir='ltr'><em>εει</em></span> <span class='ocrx_word' id='word_1_702' title='bbox 1444 1244 1533 1308; x_wconf 89' lang='lat' dir='ltr'><em>euim,</em></span> <span class='ocrx_word' id='word_1_703' title='bbox 1546 1243 1619 1316; x_wconf 90' lang='lat' dir='ltr'><em>quia</em></span> <span class='ocrx_word' id='word_1_704' title='bbox 1633 1245 1712 1299; x_wconf 86' lang='lat' dir='ltr'><em>istud</em></span> <span class='ocrx_word' id='word_1_705' title='bbox 1723 1245 1753 1299; x_wconf 92' lang='lat' dir='ltr'><em>in</em></span> <span class='ocrx_word' id='word_1_706' title='bbox 1768 1242 1832 1301; x_wconf 86' lang='lat' dir='ltr'><em>flui-</em></span> 
     </span>
     <span class='ocr_line' id='line_1_94' title="bbox 1005 1312 1831 1439; baseline 0.004 -70"><span class='ocrx_word' id='word_1_707' title='bbox 1005 1312 1192 1439; x_wconf 54' lang='lat' dir='ltr'><em>busgeslum</em></span> <span class='ocrx_word' id='word_1_708' title='bbox 1207 1318 1251 1367; x_wconf 85' lang='grc' dir='ltr'><em>εει</em></span> <span class='ocrx_word' id='word_1_709' title='bbox 1276 1312 1445 1380; x_wconf 89' lang='lat' dir='ltr'><em>Gentilium,</em></span> <span class='ocrx_word' id='word_1_710' title='bbox 1461 1314 1572 1386; x_wconf 82' lang='lat' dir='ltr'><em>quibus</em></span> <span class='ocrx_word' id='word_1_711' title='bbox 1593 1315 1692 1370; x_wconf 90' lang='lat' dir='ltr'><em>adhuc</em></span> <span class='ocrx_word' id='word_1_712' title='bbox 1711 1319 1831 1389; x_wconf 86' lang='lat' dir='ltr'><em>tempus</em></span> 
     </span>
     <span class='ocr_line' id='line_1_95' title="bbox 1005 1383 1832 1458; baseline 0.005 -19"><span class='ocrx_word' id='word_1_713' title='bbox 1005 1400 1066 1457; x_wconf 83' lang='lat' dir='ltr'><em>pree</em></span> <span class='ocrx_word' id='word_1_714' title='bbox 1091 1383 1189 1438; x_wconf 89' lang='lat' dir='ltr'><em>icaudi</em></span> <span class='ocrx_word' id='word_1_715' title='bbox 1204 1398 1264 1439; x_wconf 90' lang='lat' dir='ltr'><em>non</em></span> <span class='ocrx_word' id='word_1_716' title='bbox 1280 1391 1351 1439; x_wconf 91' lang='lat' dir='ltr'><em>orat.</em></span> <span class='ocrx_word' id='word_1_717' title='bbox 1380 1385 1511 1454; x_wconf 78' lang='lat' dir='ltr'><em>lienique</em></span> <span class='ocrx_word' id='word_1_718' title='bbox 1531 1385 1648 1441; x_wconf 89' lang='lat' dir='ltr'><em>mittens</em></span> <span class='ocrx_word' id='word_1_719' title='bbox 1669 1387 1832 1458; x_wconf 86' lang='lat' dir='ltr'><em>discipulos</em></span> 
     </span>
     <span class='ocr_line' id='line_1_96' title="bbox 1006 1454 1831 1526; baseline 0.002 -15"><span class='ocrx_word' id='word_1_720' title='bbox 1006 1471 1078 1511; x_wconf 90' lang='lat' dir='ltr'><em>suos</em></span> <span class='ocrx_word' id='word_1_721' title='bbox 1093 1455 1241 1526; x_wconf 77' lang='lat' dir='ltr'><em>praecepit,</em></span> <span class='ocrx_word' id='word_1_722' title='bbox 1257 1454 1370 1518; x_wconf 91' lang='lat' dir='ltr'><em>dicens,</em></span> <span class='ocrx_word' id='word_1_723' title='bbox 1386 1455 1420 1509; x_wconf 87' lang='lat' dir='ltr'><em>ln</em></span> <span class='ocrx_word' id='word_1_724' title='bbox 1435 1456 1507 1510; x_wconf 88' lang='lat' dir='ltr'><em>niam</em></span> <span class='ocrx_word' id='word_1_725' title='bbox 1522 1456 1645 1512; x_wconf 85' lang='lat' dir='ltr'><em>Gentium</em></span> <span class='ocrx_word' id='word_1_726' title='bbox 1658 1458 1831 1523; x_wconf 83' lang='lat' dir='ltr'><em>nealn&#39;eritir,</em></span> 
     </span>
     <span class='ocr_line' id='line_1_97' title="bbox 1006 1525 1833 1594; baseline 0.002 -12"><span class='ocrx_word' id='word_1_727' title='bbox 1006 1534 1032 1582; x_wconf 90' lang='lat' dir='ltr'><em>et</em></span> <span class='ocrx_word' id='word_1_728' title='bbox 1048 1527 1078 1581; x_wconf 86' lang='lat' dir='ltr'><em>in</em></span> <span class='ocrx_word' id='word_1_729' title='bbox 1089 1527 1211 1581; x_wconf 79' lang='lat' dir='ltr'><em>civitatee</em></span> <span class='ocrx_word' id='word_1_730' title='bbox 1233 1525 1469 1581; x_wconf 82' lang='lat' dir='ltr'><em>Samaritanorum</em></span> <span class='ocrx_word' id='word_1_731' title='bbox 1484 1543 1515 1580; x_wconf 89' lang='lat' dir='ltr'><em>ne</em></span> <span class='ocrx_word' id='word_1_732' title='bbox 1530 1528 1701 1582; x_wconf 82' lang='lat' dir='ltr'><em>introieritis</em></span> <span class='ocrx_word' id='word_1_733' title='bbox 1716 1528 1782 1594; x_wconf 61' lang='lat' dir='ltr'><em>,wad</em></span> <span class='ocrx_word' id='word_1_734' title='bbox 1796 1531 1833 1584; x_wconf 88' lang='lat' dir='ltr'><em>ite</em></span> 
     </span>
     <span class='ocr_line' id='line_1_98' title="bbox 1003 1596 1832 1670; baseline 0.005 -18"><span class='ocrx_word' id='word_1_735' title='bbox 1003 1602 1095 1670; x_wconf 84' lang='lat' dir='ltr'><em>potins</em></span> <span class='ocrx_word' id='word_1_736' title='bbox 1109 1599 1144 1652; x_wconf 89' lang='lat' dir='ltr'><em>ad</em></span> <span class='ocrx_word' id='word_1_737' title='bbox 1155 1614 1214 1652; x_wconf 86' lang='lat' dir='ltr'><em>ones</em></span> <span class='ocrx_word' id='word_1_738' title='bbox 1227 1615 1286 1668; x_wconf 77' lang='lat' dir='ltr'><em>qnae</em></span> <span class='ocrx_word' id='word_1_739' title='bbox 1299 1601 1439 1668; x_wconf 84' lang='lat' dir='ltr'><em>perierunt</em></span> <span class='ocrx_word' id='word_1_740' title='bbox 1464 1596 1557 1653; x_wconf 85' lang='lat' dir='ltr'><em>domas</em></span> <span class='ocrx_word' id='word_1_741' title='bbox 1569 1599 1661 1654; x_wconf 84' lang='lat' dir='ltr'><em>Israel</em></span> <span class='ocrx_word' id='word_1_742' title='bbox 1675 1599 1785 1669; x_wconf 77' lang='lat' dir='ltr'><em>(auten.</em></span> <span class='ocrx_word' id='word_1_743' title='bbox 1802 1616 1832 1666; x_wconf 85' lang='lat' dir='ltr'><em>x,</em></span> 
     </span>
     <span class='ocr_line' id='line_1_99' title="bbox 1007 1668 1831 1741; baseline 0.002 -15"><span class='ocrx_word' id='word_1_744' title='bbox 1007 1677 1031 1739; x_wconf 82' lang='lat' dir='ltr'><em>a,</em></span> <span class='ocrx_word' id='word_1_745' title='bbox 1048 1671 1086 1741; x_wconf 82' lang='lat'><em>6).</em></span> <span class='ocrx_word' id='word_1_746' title='bbox 1105 1669 1215 1724; x_wconf 87' lang='lat' dir='ltr'><em>ldcirco</em></span> <span class='ocrx_word' id='word_1_747' title='bbox 1231 1669 1327 1724; x_wconf 91' lang='lat' dir='ltr'><em>noluit</em></span> <span class='ocrx_word' id='word_1_748' title='bbox 1341 1685 1371 1723; x_wconf 90' lang='lat' dir='ltr'><em>se</em></span> <span class='ocrx_word' id='word_1_749' title='bbox 1383 1668 1479 1740; x_wconf 89' lang='lat' dir='ltr'><em>prodi,</em></span> <span class='ocrx_word' id='word_1_750' title='bbox 1493 1670 1574 1741; x_wconf 91' lang='lat' dir='ltr'><em>quod</em></span> <span class='ocrx_word' id='word_1_751' title='bbox 1589 1674 1667 1725; x_wconf 87' lang='lat' dir='ltr'><em>esset</em></span> <span class='ocrx_word' id='word_1_752' title='bbox 1678 1672 1708 1725; x_wconf 92' lang='lat' dir='ltr'><em>in</em></span> <span class='ocrx_word' id='word_1_753' title='bbox 1719 1672 1831 1738; x_wconf 73' lang='lat' dir='ltr'><em>doma,</em></span> 
     </span>
     <span class='ocr_line' id='line_1_100' title="bbox 1006 1740 1827 1814; baseline 0.005 -18"><span class='ocrx_word' id='word_1_754' title='bbox 1006 1742 1115 1812; x_wconf 86' lang='lat' dir='ltr'><em>requiri</em></span> <span class='ocrx_word' id='word_1_755' title='bbox 1131 1745 1231 1796; x_wconf 89' lang='lat' dir='ltr'><em>autem</em></span> <span class='ocrx_word' id='word_1_756' title='bbox 1249 1758 1280 1795; x_wconf 87' lang='lat' dir='ltr'><em>se</em></span> <span class='ocrx_word' id='word_1_757' title='bbox 1296 1755 1355 1795; x_wconf 92' lang='lat' dir='ltr'><em>nou</em></span> <span class='ocrx_word' id='word_1_758' title='bbox 1371 1740 1475 1804; x_wconf 85' lang='lat' dir='ltr'><em>uoluit,</em></span> <span class='ocrx_word' id='word_1_759' title='bbox 1491 1740 1543 1796; x_wconf 89' lang='lat' dir='ltr'><em>sed</em></span> <span class='ocrx_word' id='word_1_760' title='bbox 1558 1740 1683 1796; x_wconf 85' lang='lat' dir='ltr'><em>libenter</em></span> <span class='ocrx_word' id='word_1_761' title='bbox 1701 1744 1827 1814; x_wconf 89' lang='lat' dir='ltr'><em>accepit.</em></span> 
     </span>
     <span class='ocr_line' id='line_1_101' title="bbox 1007 1811 1833 1882; baseline 0.004 -15"><span class='ocrx_word' id='word_1_762' title='bbox 1007 1812 1146 1877; x_wconf 78' lang='lat' dir='ltr'><em>Quamvis</em></span> <span class='ocrx_word' id='word_1_763' title='bbox 1162 1811 1242 1866; x_wconf 90' lang='lat' dir='ltr'><em>euim</em></span> <span class='ocrx_word' id='word_1_764' title='bbox 1257 1816 1377 1882; x_wconf 91' lang='lat' dir='ltr'><em>tempus</em></span> <span class='ocrx_word' id='word_1_765' title='bbox 1391 1827 1449 1866; x_wconf 91' lang='lat' dir='ltr'><em>non</em></span> <span class='ocrx_word' id='word_1_766' title='bbox 1472 1819 1549 1868; x_wconf 88' lang='lat' dir='ltr'><em>esset</em></span> <span class='ocrx_word' id='word_1_767' title='bbox 1585 1812 1746 1869; x_wconf 83' lang='lat' dir='ltr'><em>medicandi</em></span> <span class='ocrx_word' id='word_1_768' title='bbox 1759 1814 1833 1870; x_wconf 87' lang='lat' dir='ltr'><em>Gen·</em></span> 
     </span>
     <span class='ocr_line' id='line_1_102' title="bbox 1007 1828 1832 1963; baseline 0.002 -26"><span class='ocrx_word' id='word_1_769' title='bbox 1007 1883 1117 1949; x_wconf 81' lang='lat' dir='ltr'><em>lilibus,</em></span> <span class='ocrx_word' id='word_1_770' title='bbox 1132 1882 1208 1963; x_wconf 77' lang='lat' dir='ltr'><em>ultro</em></span> <span class='ocrx_word' id='word_1_771' title='bbox 1221 1890 1321 1938; x_wconf 87' lang='lat' dir='ltr'><em>tamen</em></span> <span class='ocrx_word' id='word_1_772' title='bbox 1336 1883 1487 1938; x_wconf 85' lang='lat' dir='ltr'><em>venientes</em></span> <span class='ocrx_word' id='word_1_773' title='bbox 1502 1884 1539 1938; x_wconf 88' lang='lat' dir='ltr'><em>ad</em></span> <span class='ocrx_word' id='word_1_774' title='bbox 1562 1828 1652 1939; x_wconf 55' lang='lat' dir='ltr'><em>Edem</em></span> <span class='ocrx_word' id='word_1_775' title='bbox 1665 1899 1726 1940; x_wconf 92' lang='lat' dir='ltr'><em>non</em></span> <span class='ocrx_word' id='word_1_776' title='bbox 1741 1885 1832 1941; x_wconf 88' lang='lat' dir='ltr'><em>susci-</em></span> 
     </span>
     <span class='ocr_line' id='line_1_103' title="bbox 1006 1953 1832 2026; baseline 0.004 -17"><span class='ocrx_word' id='word_1_777' title='bbox 1006 1969 1086 2026; x_wconf 91' lang='lat' dir='ltr'><em>pere,</em></span> <span class='ocrx_word' id='word_1_778' title='bbox 1101 1953 1219 2009; x_wconf 77' lang='lat' dir='ltr'><em>invadam</em></span> <span class='ocrx_word' id='word_1_779' title='bbox 1233 1960 1305 2010; x_wconf 87' lang='lat' dir='ltr'><em>erat.</em></span> <span class='ocrx_word' id='word_1_780' title='bbox 1321 1955 1366 2010; x_wconf 92' lang='lat' dir='ltr'><em>Sic</em></span> <span class='ocrx_word' id='word_1_781' title='bbox 1378 1953 1489 2009; x_wconf 83' lang='lat' dir='ltr'><em>iactum</em></span> <span class='ocrx_word' id='word_1_782' title='bbox 1501 1960 1554 2019; x_wconf 85' lang='grc' dir='ltr'>εει,</span> <span class='ocrx_word' id='word_1_783' title='bbox 1572 1959 1603 2009; x_wconf 88' lang='lat' dir='ltr'><em>ut</em></span> <span class='ocrx_word' id='word_1_784' title='bbox 1615 1956 1687 2012; x_wconf 94' lang='lat' dir='ltr'><em>dum</em></span> <span class='ocrx_word' id='word_1_785' title='bbox 1701 1955 1832 2012; x_wconf 84' lang='lat' dir='ltr'><em>Salvator</em></span> 
     </span>
     <span class='ocr_line' id='line_1_104' title="bbox 1008 2025 1833 2108; baseline 0 -26"><span class='ocrx_word' id='word_1_786' title='bbox 1008 2042 1025 2082; x_wconf 90' lang='lat' dir='ltr'><em>a</em></span> <span class='ocrx_word' id='word_1_787' title='bbox 1040 2025 1194 2096; x_wconf 85' lang='lat' dir='ltr'><em>discipulis</em></span> <span class='ocrx_word' id='word_1_788' title='bbox 1211 2026 1345 2095; x_wconf 88' lang='lat' dir='ltr'><em>proditus</em></span> <span class='ocrx_word' id='word_1_789' title='bbox 1357 2040 1418 2080; x_wconf 90' lang='lat' dir='ltr'><em>uon</em></span> <span class='ocrx_word' id='word_1_790' title='bbox 1431 2030 1520 2091; x_wconf 90' lang='lat' dir='ltr'><em>esset,</em></span> <span class='ocrx_word' id='word_1_791' title='bbox 1534 2027 1573 2081; x_wconf 91' lang='lat' dir='ltr'><em>ab</em></span> <span class='ocrx_word' id='word_1_792' title='bbox 1588 2026 1652 2083; x_wconf 88' lang='lat' dir='ltr'><em>aliis</em></span> <span class='ocrx_word' id='word_1_793' title='bbox 1669 2032 1769 2083; x_wconf 89' lang='lat' dir='ltr'><em>tamen</em></span> <span class='ocrx_word' id='word_1_794' title='bbox 1781 2027 1833 2108; x_wconf 91' lang='lat' dir='ltr'><em>qui</em></span> 
     </span>
     <span class='ocr_line' id='line_1_105' title="bbox 1007 2095 1830 2171; baseline -0.001 -19"><span class='ocrx_word' id='word_1_795' title='bbox 1007 2113 1075 2152; x_wconf 90' lang='lat' dir='ltr'><em>eum</em></span> <span class='ocrx_word' id='word_1_796' title='bbox 1089 2095 1304 2165; x_wconf 78' lang='lat' dir='ltr'><em>ingredientem</em></span> <span class='ocrx_word' id='word_1_797' title='bbox 1321 2096 1446 2152; x_wconf 93' lang='lat' dir='ltr'><em>domum</em></span> <span class='ocrx_word' id='word_1_798' title='bbox 1462 2097 1607 2159; x_wconf 86' lang='lat' dir='ltr'><em>viderant,</em></span> <span class='ocrx_word' id='word_1_799' title='bbox 1622 2099 1756 2171; x_wconf 88' lang='lat' dir='ltr'><em>proditus</em></span> <span class='ocrx_word' id='word_1_800' title='bbox 1772 2103 1830 2154; x_wconf 84' lang='lat' dir='ltr'><em>set:</em></span> 
     </span>
     <span class='ocr_line' id='line_1_106' title="bbox 1007 2167 1833 2239; baseline -0.001 -15"><span class='ocrx_word' id='word_1_801' title='bbox 1007 2173 1036 2224; x_wconf 91' lang='grc' dir='ltr'><em>ει</em></span> <span class='ocrx_word' id='word_1_802' title='bbox 1051 2170 1140 2239; x_wconf 90' lang='lat' dir='ltr'><em>coepit</em></span> <span class='ocrx_word' id='word_1_803' title='bbox 1155 2167 1220 2223; x_wconf 87' lang='lat' dir='ltr'><em>sciri</em></span> <span class='ocrx_word' id='word_1_804' title='bbox 1234 2167 1316 2239; x_wconf 92' lang='lat' dir='ltr'><em>quod</em></span> <span class='ocrx_word' id='word_1_805' title='bbox 1332 2173 1408 2224; x_wconf 88' lang='lat' dir='ltr'><em>esset</em></span> <span class='ocrx_word' id='word_1_806' title='bbox 1420 2169 1451 2223; x_wconf 90' lang='lat' dir='ltr'><em>in</em></span> <span class='ocrx_word' id='word_1_807' title='bbox 1466 2167 1568 2234; x_wconf 93' lang='lat' dir='ltr'><em>domo,</em></span> <span class='ocrx_word' id='word_1_808' title='bbox 1584 2175 1615 2224; x_wconf 92' lang='lat' dir='ltr'><em>at</em></span> <span class='ocrx_word' id='word_1_809' title='bbox 1635 2170 1779 2226; x_wconf 88' lang='lat' dir='ltr'><em>intrarent</em></span> <span class='ocrx_word' id='word_1_810' title='bbox 1792 2168 1833 2225; x_wconf 89' lang='lat' dir='ltr'><em>ad</em></span> 
     </span>
     <span class='ocr_line' id='line_1_107' title="bbox 1007 2238 1831 2312; baseline 0.002 -18"><span class='ocrx_word' id='word_1_811' title='bbox 1007 2238 1090 2294; x_wconf 92' lang='lat' dir='ltr'><em>illum</em></span> <span class='ocrx_word' id='word_1_812' title='bbox 1106 2239 1157 2311; x_wconf 93' lang='lat' dir='ltr'><em>qai</em></span> <span class='ocrx_word' id='word_1_813' title='bbox 1180 2238 1289 2294; x_wconf 88' lang='lat' dir='ltr'><em>vellent</em></span> <span class='ocrx_word' id='word_1_814' title='bbox 1303 2240 1443 2311; x_wconf 86' lang='lat' dir='ltr'><em>consequi</em></span> <span class='ocrx_word' id='word_1_815' title='bbox 1469 2239 1628 2296; x_wconf 81' lang='lat' dir='ltr'><em>beneficia.</em></span> <span class='ocrx_word' id='word_1_816' title='bbox 1648 2241 1749 2296; x_wconf 81' lang='lat' dir='ltr'><em>Asuis</em></span> <span class='ocrx_word' id='word_1_817' title='bbox 1764 2255 1831 2312; x_wconf 89' lang='lat' dir='ltr'><em>ergo</em></span> 
     </span>
     <span class='ocr_line' id='line_1_108' title="bbox 1007 2309 1832 2383; baseline 0.001 -16"><span class='ocrx_word' id='word_1_818' title='bbox 1007 2311 1101 2367; x_wconf 89' lang='lat' dir='ltr'><em>noluit</em></span> <span class='ocrx_word' id='word_1_819' title='bbox 1111 2309 1277 2382; x_wconf 80' lang='lat' dir='ltr'><em>praedicari,</em></span> <span class='ocrx_word' id='word_1_820' title='bbox 1290 2310 1372 2382; x_wconf 92' lang='lat' dir='ltr'><em>quod</em></span> <span class='ocrx_word' id='word_1_821' title='bbox 1386 2315 1461 2366; x_wconf 87' lang='lat' dir='ltr'><em>esset</em></span> <span class='ocrx_word' id='word_1_822' title='bbox 1471 2309 1499 2365; x_wconf 91' lang='lat' dir='ltr'><em>in</em></span> <span class='ocrx_word' id='word_1_823' title='bbox 1510 2310 1612 2366; x_wconf 92' lang='lat' dir='ltr'><em>domo.</em></span> <span class='ocrx_word' id='word_1_824' title='bbox 1623 2312 1740 2383; x_wconf 77' lang='lat' dir='ltr'><em>Requiri</em></span> <span class='ocrx_word' id='word_1_825' title='bbox 1751 2313 1832 2368; x_wconf 90' lang='lat' dir='ltr'><em>enim</em></span> 
     </span>
     <span class='ocr_line' id='line_1_109' title="bbox 1007 2382 1831 2448; baseline 0 -11"><span class='ocrx_word' id='word_1_826' title='bbox 1007 2398 1038 2437; x_wconf 90' lang='lat' dir='ltr'><em>se</em></span> <span class='ocrx_word' id='word_1_827' title='bbox 1051 2382 1158 2448; x_wconf 81' lang='lat' dir='ltr'><em>voluit3</em></span> <span class='ocrx_word' id='word_1_828' title='bbox 1175 2388 1202 2437; x_wconf 94' lang='lat' dir='ltr'><em>et</em></span> <span class='ocrx_word' id='word_1_829' title='bbox 1213 2382 1370 2436; x_wconf 88' lang='lat' dir='ltr'><em>ilalactam</em></span> <span class='ocrx_word' id='word_1_830' title='bbox 1386 2387 1439 2437; x_wconf 86' lang='grc' dir='ltr'>εει.</span> <span class='ocrx_word' id='word_1_831' title='bbox 1449 2384 1512 2438; x_wconf 90' lang='lat' dir='ltr'><em>Non</em></span> <span class='ocrx_word' id='word_1_832' title='bbox 1523 2383 1604 2438; x_wconf 90' lang='lat' dir='ltr'><em>euim</em></span> <span class='ocrx_word' id='word_1_833' title='bbox 1618 2382 1703 2438; x_wconf 89' lang='lat' dir='ltr'><em>latuit</em></span> <span class='ocrx_word' id='word_1_834' title='bbox 1718 2385 1756 2440; x_wconf 89' lang='lat' dir='ltr'><em>ab</em></span> <span class='ocrx_word' id='word_1_835' title='bbox 1767 2383 1831 2439; x_wconf 86' lang='lat' dir='ltr'><em>aliis</em></span> 
     </span>
     <span class='ocr_line' id='line_1_110' title="bbox 1006 2453 1832 2526; baseline 0.001 -18"><span class='ocrx_word' id='word_1_836' title='bbox 1006 2453 1229 2509; x_wconf 86' lang='lat' dir='ltr'><em>demonstratus</em></span> <span class='ocrx_word' id='word_1_837' title='bbox 1240 2453 1321 2523; x_wconf 90' lang='lat' dir='ltr'><em>quod</em></span> <span class='ocrx_word' id='word_1_838' title='bbox 1333 2459 1410 2508; x_wconf 89' lang='lat' dir='ltr'><em>esset</em></span> <span class='ocrx_word' id='word_1_839' title='bbox 1422 2454 1453 2508; x_wconf 91' lang='lat' dir='ltr'><em>in</em></span> <span class='ocrx_word' id='word_1_840' title='bbox 1468 2455 1569 2509; x_wconf 88' lang='lat' dir='ltr'><em>domo.</em></span> <span class='ocrx_word' id='word_1_841' title='bbox 1583 2455 1715 2526; x_wconf 84' lang='lat' dir='ltr'><em>Denique</em></span> <span class='ocrx_word' id='word_1_842' title='bbox 1727 2453 1832 2510; x_wconf 88' lang='lat' dir='ltr'><em>mulier</em></span> 
     </span>
     <span class='ocr_line' id='line_1_111' title="bbox 1007 2524 1833 2597; baseline 0.002 -18"><span class='ocrx_word' id='word_1_843' title='bbox 1007 2527 1179 2579; x_wconf 83' lang='lat' dir='ltr'><em>Chananaea</em></span> <span class='ocrx_word' id='word_1_844' title='bbox 1194 2525 1318 2580; x_wconf 87' lang='lat' dir='ltr'><em>audieus</em></span> <span class='ocrx_word' id='word_1_845' title='bbox 1332 2524 1370 2579; x_wconf 90' lang='lat' dir='ltr'><em>do</em></span> <span class='ocrx_word' id='word_1_846' title='bbox 1387 2524 1444 2590; x_wconf 88' lang='lat' dir='ltr'><em>illo,</em></span> <span class='ocrx_word' id='word_1_847' title='bbox 1459 2525 1577 2580; x_wconf 88' lang='lat' dir='ltr'><em>intravit</em></span> <span class='ocrx_word' id='word_1_848' title='bbox 1591 2526 1629 2581; x_wconf 89' lang='lat' dir='ltr'><em>ad</em></span> <span class='ocrx_word' id='word_1_849' title='bbox 1645 2542 1715 2581; x_wconf 91' lang='lat' dir='ltr'><em>eum</em></span> <span class='ocrx_word' id='word_1_850' title='bbox 1730 2525 1833 2597; x_wconf 91' lang='lat' dir='ltr'><em>depre-</em></span> 
     </span>
     <span class='ocr_line' id='line_1_112' title="bbox 1007 2592 1832 2668; baseline 0 -16"><span class='ocrx_word' id='word_1_851' title='bbox 1007 2612 1079 2652; x_wconf 91' lang='lat' dir='ltr'><em>cans</em></span> <span class='ocrx_word' id='word_1_852' title='bbox 1093 2601 1124 2650; x_wconf 93' lang='lat' dir='ltr'><em>ut</em></span> <span class='ocrx_word' id='word_1_853' title='bbox 1139 2594 1297 2660; x_wconf 88' lang='lat' dir='ltr'><em>expelleret</em></span> <span class='ocrx_word' id='word_1_854' title='bbox 1307 2595 1491 2651; x_wconf 82' lang='lat' dir='ltr'><em>daeranonium</em></span> <span class='ocrx_word' id='word_1_855' title='bbox 1507 2596 1597 2653; x_wconf 85' lang='lat' dir='ltr'><em>afilia</em></span> <span class='ocrx_word' id='word_1_856' title='bbox 1612 2592 1696 2668; x_wconf 84' lang='lat' dir='ltr'><em>ejus:</em></span> <span class='ocrx_word' id='word_1_857' title='bbox 1711 2612 1778 2667; x_wconf 82' lang='lat' dir='ltr'><em>qum</em></span> <span class='ocrx_word' id='word_1_858' title='bbox 1786 2598 1832 2652; x_wconf 93' lang='lat' dir='ltr'><em>ni·</em></span> 
     </span>
     <span class='ocr_line' id='line_1_113' title="bbox 1007 2665 1831 2738; baseline 0.002 -16"><span class='ocrx_word' id='word_1_859' title='bbox 1007 2668 1031 2722; x_wconf 89' lang='lat' dir='ltr'><em>si</em></span> <span class='ocrx_word' id='word_1_860' title='bbox 1046 2665 1128 2738; x_wconf 93' lang='lat' dir='ltr'><em>prius</em></span> <span class='ocrx_word' id='word_1_861' title='bbox 1147 2667 1324 2736; x_wconf 87' lang='lat' dir='ltr'><em>subjecisset</em></span> <span class='ocrx_word' id='word_1_862' title='bbox 1337 2681 1367 2721; x_wconf 92' lang='lat' dir='ltr'><em>se</em></span> <span class='ocrx_word' id='word_1_863' title='bbox 1383 2665 1439 2721; x_wconf 88' lang='lat' dir='ltr'><em>Deo</em></span> <span class='ocrx_word' id='word_1_864' title='bbox 1454 2667 1634 2738; x_wconf 72' lang='lat' dir='ltr'><em>ludaeorum,</em></span> <span class='ocrx_word' id='word_1_865' title='bbox 1652 2668 1831 2724; x_wconf 86' lang='lat' dir='ltr'><em>beneficium</em></span> 
     </span>
     <span class='ocr_line' id='line_1_114' title="bbox 1006 2738 1832 2809; baseline -0.001 -15"><span class='ocrx_word' id='word_1_866' title='bbox 1006 2742 1166 2794; x_wconf 89' lang='lat' dir='ltr'><em>consecuta</em></span> <span class='ocrx_word' id='word_1_867' title='bbox 1181 2754 1241 2793; x_wconf 93' lang='lat' dir='ltr'><em>non</em></span> <span class='ocrx_word' id='word_1_868' title='bbox 1268 2745 1352 2792; x_wconf 89' lang='lat' dir='ltr'><em>esset.</em></span> <span class='ocrx_word' id='word_1_869' title='bbox 1373 2738 1497 2808; x_wconf 88' lang='lat' dir='ltr'><em>lmpleta</em></span> <span class='ocrx_word' id='word_1_870' title='bbox 1519 2754 1590 2809; x_wconf 87' lang='lat' dir='ltr'><em>ergo</em></span> <span class='ocrx_word' id='word_1_871' title='bbox 1617 2739 1754 2795; x_wconf 82' lang='lat' dir='ltr'><em>voluntas</em></span> <span class='ocrx_word' id='word_1_872' title='bbox 1770 2739 1832 2795; x_wconf 88' lang='lat' dir='ltr'><em>Sal-</em></span> 
     </span>
     <span class='ocr_line' id='line_1_115' title="bbox 1008 2809 1831 2890; baseline 0.002 -26"><span class='ocrx_word' id='word_1_873' title='bbox 1008 2809 1116 2865; x_wconf 86' lang='lat' dir='ltr'><em>vatoris</em></span> <span class='ocrx_word' id='word_1_874' title='bbox 1131 2815 1174 2864; x_wconf 91' lang='lat' dir='ltr'><em>est</em></span> <span class='ocrx_word' id='word_1_875' title='bbox 1190 2809 1355 2864; x_wconf 90' lang='lat' dir='ltr'><em>secundum</em></span> <span class='ocrx_word' id='word_1_876' title='bbox 1366 2824 1434 2890; x_wconf 79' lang='lat' dir='ltr'><em>quae</em></span> <span class='ocrx_word' id='word_1_877' title='bbox 1446 2810 1674 2881; x_wconf 83' lang='lat' dir='ltr'><em>explanavimus</em></span> <span class='ocrx_word' id='word_1_878' title='bbox 1686 2827 1692 2866; x_wconf 90' lang='lat'>:</span> <span class='ocrx_word' id='word_1_879' title='bbox 1705 2827 1741 2866; x_wconf 89' lang='lat' dir='ltr'><em>ea</em></span> <span class='ocrx_word' id='word_1_880' title='bbox 1751 2811 1831 2867; x_wconf 92' lang='lat' dir='ltr'><em>enim</em></span> 
     </span>
     <span class='ocr_line' id='line_1_116' title="bbox 1006 2879 1833 2953; baseline 0.001 -17"><span class='ocrx_word' id='word_1_881' title='bbox 1006 2896 1074 2953; x_wconf 80' lang='lat' dir='ltr'><em>quae</em></span> <span class='ocrx_word' id='word_1_882' title='bbox 1101 2879 1280 2950; x_wconf 92' lang='lat' dir='ltr'><em>compendio</em></span> <span class='ocrx_word' id='word_1_883' title='bbox 1307 2879 1457 2936; x_wconf 81' lang='lat' dir='ltr'><em>brevitatis</em></span> <span class='ocrx_word' id='word_1_884' title='bbox 1496 2881 1619 2936; x_wconf 89' lang='lat' dir='ltr'><em>studens</em></span> <span class='ocrx_word' id='word_1_885' title='bbox 1645 2881 1833 2951; x_wconf 84' lang='lat' dir='ltr'><em>Evangelista</em></span> 
     </span>
     <span class='ocr_line' id='line_1_117' title="bbox 1006 2951 1833 3077; baseline 0.001 -69"><span class='ocrx_word' id='word_1_886' title='bbox 1006 2951 1182 3077; x_wconf 50' lang='lat' dir='ltr'><em>cossuplexus</em></span> <span class='ocrx_word' id='word_1_887' title='bbox 1197 2957 1250 3016; x_wconf 89' lang='lat' dir='ltr'><em>est,</em></span> <span class='ocrx_word' id='word_1_888' title='bbox 1276 2951 1478 3017; x_wconf 87' lang='lat' dir='ltr'><em>discutientes,</em></span> <span class='ocrx_word' id='word_1_889' title='bbox 1506 2953 1677 3008; x_wconf 86' lang='lat' dir='ltr'><em>invenimus</em></span> <span class='ocrx_word' id='word_1_890' title='bbox 1691 2951 1773 3025; x_wconf 89' lang='lat' dir='ltr'><em>quod</em></span> <span class='ocrx_word' id='word_1_891' title='bbox 1788 2951 1833 3009; x_wconf 89' lang='lat' dir='ltr'><em>la-</em></span> 
     </span>
     <span class='ocr_line' id='line_1_118' title="bbox 1005 3027 1098 3079; baseline -0.032 -1"><span class='ocrx_word' id='word_1_892' title='bbox 1005 3027 1034 3079; x_wconf 87' lang='lat' dir='ltr'><em>te</em></span> <span class='ocrx_word' id='word_1_893' title='bbox 1059 3027 1098 3077; x_wconf 90' lang='lat' dir='ltr'><em>at.</em></span> 
     </span>
    </p>

    <p class='ocr_par' dir='ltr' id='par_1_20' title="bbox 1007 3091 1834 3735">
     <span class='ocr_line' id='line_1_119' title="bbox 1043 3091 1832 3176; baseline 0.005 -30"><span class='ocrx_word' id='word_1_894' title='bbox 1043 3093 1081 3166; x_wconf 73' lang='lat' dir='ltr'><em>(a)</em></span> <span class='ocrx_word' id='word_1_895' title='bbox 1097 3095 1155 3147; x_wconf 84' lang='lat' dir='ltr'><em>ttoc</em></span> <span class='ocrx_word' id='word_1_896' title='bbox 1170 3091 1250 3162; x_wconf 94' lang='lat' dir='ltr'><em>quod</em></span> <span class='ocrx_word' id='word_1_897' title='bbox 1271 3105 1323 3163; x_wconf 94' lang='lat' dir='ltr'><em>per</em></span> <span class='ocrx_word' id='word_1_898' title='bbox 1338 3091 1552 3162; x_wconf 89' lang='lat' dir='ltr'><em>compendium</em></span> <span class='ocrx_word' id='word_1_899' title='bbox 1575 3094 1763 3176; x_wconf 90' lang='lat' dir='ltr'><em>propositum</em></span> <span class='ocrx_word' id='word_1_900' title='bbox 1778 3098 1832 3161; x_wconf 91' lang='grc' dir='ltr'>εει,</span> 
     </span>
     <span class='ocr_line' id='line_1_120' title="bbox 1008 3162 1833 3245; baseline 0.002 -25"><span class='ocrx_word' id='word_1_901' title='bbox 1008 3169 1039 3220; x_wconf 90' lang='lat' dir='ltr'><em>ut</em></span> <span class='ocrx_word' id='word_1_902' title='bbox 1054 3163 1121 3245; x_wconf 89' lang='lat' dir='ltr'><em>plus</em></span> <span class='ocrx_word' id='word_1_903' title='bbox 1137 3177 1259 3217; x_wconf 91' lang='lat' dir='ltr'><em>sensum</em></span> <span class='ocrx_word' id='word_1_904' title='bbox 1277 3166 1377 3234; x_wconf 87' lang='lat' dir='ltr'><em>posset</em></span> <span class='ocrx_word' id='word_1_905' title='bbox 1391 3162 1533 3228; x_wconf 88' lang='lat' dir='ltr'><em>occulere,</em></span> <span class='ocrx_word' id='word_1_906' title='bbox 1550 3163 1579 3217; x_wconf 92' lang='lat' dir='ltr'><em>iu</em></span> <span class='ocrx_word' id='word_1_907' title='bbox 1593 3163 1705 3219; x_wconf 81' lang='lat' dir='ltr'><em>linibus</em></span> <span class='ocrx_word' id='word_1_908' title='bbox 1721 3165 1833 3222; x_wconf 86' lang='lat' dir='ltr'><em>luctum</em></span> 
     </span>
     <span class='ocr_line' id='line_1_121' title="bbox 1007 3233 1832 3307; baseline 0 -16"><span class='ocrx_word' id='word_1_909' title='bbox 1007 3234 1115 3305; x_wconf 81' lang='lat' dir='ltr'><em>legitur</em></span> <span class='ocrx_word' id='word_1_910' title='bbox 1123 3233 1188 3305; x_wconf 85' lang='lat' dir='ltr'><em>Tyri</em></span> <span class='ocrx_word' id='word_1_911' title='bbox 1199 3251 1204 3289; x_wconf 92' lang='lat'><strong>:</strong></span> <span class='ocrx_word' id='word_1_912' title='bbox 1218 3233 1291 3305; x_wconf 90' lang='lat' dir='ltr'><em>quia</em></span> <span class='ocrx_word' id='word_1_913' title='bbox 1301 3247 1370 3288; x_wconf 93' lang='lat' dir='ltr'><em>oum</em></span> <span class='ocrx_word' id='word_1_914' title='bbox 1382 3233 1517 3290; x_wconf 86' lang='lat' dir='ltr'><em>Salvator</em></span> <span class='ocrx_word' id='word_1_915' title='bbox 1525 3235 1707 3307; x_wconf 87' lang='lat' dir='ltr'><em>pervenisset</em></span> <span class='ocrx_word' id='word_1_916' title='bbox 1718 3236 1747 3290; x_wconf 92' lang='lat' dir='ltr'><em>in</em></span> <span class='ocrx_word' id='word_1_917' title='bbox 1756 3237 1832 3294; x_wconf 87' lang='lat' dir='ltr'><em>ilnes</em></span> 
     </span>
     <span class='ocr_line' id='line_1_122' title="bbox 1007 3304 1834 3379; baseline 0.001 -18"><span class='ocrx_word' id='word_1_918' title='bbox 1007 3306 1084 3379; x_wconf 84' lang='lat' dir='ltr'><em>Tyri,</em></span> <span class='ocrx_word' id='word_1_919' title='bbox 1101 3305 1219 3361; x_wconf 90' lang='lat' dir='ltr'><em>intravit</em></span> <span class='ocrx_word' id='word_1_920' title='bbox 1235 3305 1264 3359; x_wconf 92' lang='lat' dir='ltr'><em>iu</em></span> <span class='ocrx_word' id='word_1_921' title='bbox 1278 3304 1413 3360; x_wconf 92' lang='lat' dir='ltr'><em>domum.</em></span> <span class='ocrx_word' id='word_1_922' title='bbox 1432 3306 1464 3360; x_wconf 85' lang='lat' dir='ltr'><em>Et</em></span> <span class='ocrx_word' id='word_1_923' title='bbox 1477 3306 1549 3376; x_wconf 85' lang='lat' dir='ltr'><em>quia</em></span> <span class='ocrx_word' id='word_1_924' title='bbox 1568 3321 1629 3362; x_wconf 93' lang='lat' dir='ltr'><em>non</em></span> <span class='ocrx_word' id='word_1_925' title='bbox 1644 3306 1745 3362; x_wconf 86' lang='lat' dir='ltr'><em>adhuc</em></span> <span class='ocrx_word' id='word_1_926' title='bbox 1757 3305 1834 3363; x_wconf 88' lang='lat' dir='ltr'><em>Gen-</em></span> 
     </span>
     <span class='ocr_line' id='line_1_123' title="bbox 1008 3375 1833 3449; baseline -0.002 -15"><span class='ocrx_word' id='word_1_927' title='bbox 1008 3379 1089 3434; x_wconf 85' lang='lat' dir='ltr'><em>tibus</em></span> <span class='ocrx_word' id='word_1_928' title='bbox 1103 3376 1267 3449; x_wconf 76' lang='lat' dir='ltr'><em>praedicare</em></span> <span class='ocrx_word' id='word_1_929' title='bbox 1292 3375 1458 3448; x_wconf 87' lang='lat' dir='ltr'><em>oportebat,</em></span> <span class='ocrx_word' id='word_1_930' title='bbox 1478 3377 1565 3447; x_wconf 89' lang='lat' dir='ltr'><em>jussit</em></span> <span class='ocrx_word' id='word_1_931' title='bbox 1578 3377 1728 3433; x_wconf 89' lang='lat' dir='ltr'><em>neminem</em></span> <span class='ocrx_word' id='word_1_932' title='bbox 1745 3376 1833 3433; x_wconf 89' lang='lat' dir='ltr'><em>alicui</em></span> 
     </span>
     <span class='ocr_line' id='line_1_124' title="bbox 1009 3447 1834 3514; baseline -0.001 -9"><span class='ocrx_word' id='word_1_933' title='bbox 1009 3448 1148 3506; x_wconf 91' lang='lat' dir='ltr'><em>nuntiare</em></span> <span class='ocrx_word' id='word_1_934' title='bbox 1163 3447 1327 3503; x_wconf 87' lang='lat' dir='ltr'><em>adventum</em></span> <span class='ocrx_word' id='word_1_935' title='bbox 1343 3463 1449 3503; x_wconf 92' lang='lat' dir='ltr'><em>suum:</em></span> <span class='ocrx_word' id='word_1_936' title='bbox 1463 3448 1521 3504; x_wconf 89' lang='lat' dir='ltr'><em>boc</em></span> <span class='ocrx_word' id='word_1_937' title='bbox 1533 3453 1585 3514; x_wconf 88' lang='lat' dir='ltr'><em>est,</em></span> <span class='ocrx_word' id='word_1_938' title='bbox 1600 3449 1731 3503; x_wconf 86' lang='lat' dir='ltr'><em>neminem</em></span> <span class='ocrx_word' id='word_1_939' title='bbox 1748 3447 1834 3504; x_wconf 83' lang='lat' dir='ltr'><em>notuit</em></span> 
     </span>
     <span class='ocr_line' id='line_1_125' title="bbox 1008 3518 1834 3584; baseline -0.004 -7"><span class='ocrx_word' id='word_1_940' title='bbox 1008 3526 1078 3577; x_wconf 80' lang='lat' dir='ltr'><em>seire</em></span> <span class='ocrx_word' id='word_1_941' title='bbox 1098 3536 1109 3574; x_wconf 93' lang='lat'><em>:</em></span> <span class='ocrx_word' id='word_1_942' title='bbox 1122 3525 1149 3575; x_wconf 90' lang='grc' dir='ltr'><em>ει</em></span> <span class='ocrx_word' id='word_1_943' title='bbox 1164 3518 1349 3584; x_wconf 89' lang='lat' dir='ltr'><em>subauditur,</em></span> <span class='ocrx_word' id='word_1_944' title='bbox 1375 3520 1468 3574; x_wconf 85' lang='lat' dir='ltr'><em>esais</em></span> <span class='ocrx_word' id='word_1_945' title='bbox 1481 3518 1577 3576; x_wconf 90' lang='lat' dir='ltr'><em>noluit</em></span> <span class='ocrx_word' id='word_1_946' title='bbox 1593 3520 1722 3576; x_wconf 89' lang='lat' dir='ltr'><em>nuntiari</em></span> <span class='ocrx_word' id='word_1_947' title='bbox 1746 3518 1834 3576; x_wconf 86' lang='lat' dir='ltr'><em>alloni</em></span> 
     </span>
     <span class='ocr_line' id='line_1_126' title="bbox 1008 3589 1832 3666; baseline 0 -18"><span class='ocrx_word' id='word_1_948' title='bbox 1008 3595 1080 3666; x_wconf 89' lang='lat' dir='ltr'><em>qaia</em></span> <span class='ocrx_word' id='word_1_949' title='bbox 1092 3597 1154 3647; x_wconf 89' lang='lat' dir='ltr'><em>erat</em></span> <span class='ocrx_word' id='word_1_950' title='bbox 1170 3591 1199 3645; x_wconf 94' lang='lat' dir='ltr'><em>in</em></span> <span class='ocrx_word' id='word_1_951' title='bbox 1212 3589 1313 3645; x_wconf 92' lang='lat' dir='ltr'><em>domo.</em></span> <span class='ocrx_word' id='word_1_952' title='bbox 1330 3591 1448 3661; x_wconf 84' lang='lat' dir='ltr'><em>Requiri</em></span> <span class='ocrx_word' id='word_1_953' title='bbox 1463 3596 1562 3646; x_wconf 87' lang='lat' dir='ltr'><em>autem</em></span> <span class='ocrx_word' id='word_1_954' title='bbox 1589 3607 1620 3646; x_wconf 91' lang='grc' dir='ltr'><em>εε</em></span> <span class='ocrx_word' id='word_1_955' title='bbox 1633 3590 1737 3656; x_wconf 90' lang='lat' dir='ltr'><em>noluit,</em></span> <span class='ocrx_word' id='word_1_956' title='bbox 1761 3591 1832 3664; x_wconf 90' lang='lat' dir='ltr'><em>quia</em></span> 
     </span>
     <span class='ocr_line' id='line_1_127' title="bbox 1008 3660 1832 3735; baseline -0.002 -15"><span class='ocrx_word' id='word_1_957' title='bbox 1008 3668 1128 3735; x_wconf 87' lang='lat' dir='ltr'><em>tempus</em></span> <span class='ocrx_word' id='word_1_958' title='bbox 1141 3661 1283 3717; x_wconf 77' lang='lat' dir='ltr'><em>offerendi</em></span> <span class='ocrx_word' id='word_1_959' title='bbox 1296 3660 1439 3717; x_wconf 75' lang='lat' dir='ltr'><em>Gentibus</em></span> <span class='ocrx_word' id='word_1_960' title='bbox 1452 3663 1577 3732; x_wconf 79' lang='lat' dir='ltr'><em>gratiam</em></span> <span class='ocrx_word' id='word_1_961' title='bbox 1592 3678 1649 3717; x_wconf 94' lang='lat' dir='ltr'><em>non</em></span> <span class='ocrx_word' id='word_1_962' title='bbox 1664 3668 1737 3719; x_wconf 89' lang='lat' dir='ltr'><em>erat.</em></span> <span class='ocrx_word' id='word_1_963' title='bbox 1751 3662 1832 3718; x_wconf 86' lang='lat' dir='ltr'><em>Deui·</em></span> 
     </span>
    </p>

    <p class='ocr_par' dir='ltr' id='par_1_21' title="bbox 1006 3732 1836 4432">
     <span class='ocr_line' id='line_1_128' title="bbox 1031 3732 1836 3806; baseline 0.002 -16"><span class='ocrx_word' id='word_1_964' title='bbox 1031 3752 1066 3790; x_wconf 92' lang='lat' dir='ltr'><em>ue</em></span> <span class='ocrx_word' id='word_1_965' title='bbox 1081 3734 1203 3790; x_wconf 79' lang='lat' dir='ltr'><em>veniens</em></span> <span class='ocrx_word' id='word_1_966' title='bbox 1216 3733 1332 3796; x_wconf 90' lang='lat' dir='ltr'><em>mulier,</em></span> <span class='ocrx_word' id='word_1_967' title='bbox 1346 3739 1498 3804; x_wconf 86' lang='lat' dir='ltr'><em>cornperto</em></span> <span class='ocrx_word' id='word_1_968' title='bbox 1513 3733 1552 3788; x_wconf 91' lang='lat' dir='ltr'><em>ab</em></span> <span class='ocrx_word' id='word_1_969' title='bbox 1562 3732 1626 3788; x_wconf 91' lang='lat' dir='ltr'><em>aliis</em></span> <span class='ocrx_word' id='word_1_970' title='bbox 1637 3734 1688 3806; x_wconf 94' lang='lat' dir='ltr'><em>qui</em></span> <span class='ocrx_word' id='word_1_971' title='bbox 1699 3734 1836 3792; x_wconf 82' lang='lat' dir='ltr'><em>videraut</em></span> 
     </span>
     <span class='ocr_line' id='line_1_129' title="bbox 1007 3752 1834 3876; baseline 0.001 -15"><span class='ocrx_word' id='word_1_972' title='bbox 1007 3752 1090 3861; x_wconf 53' lang='lat' dir='ltr'><em>iilum</em></span> <span class='ocrx_word' id='word_1_973' title='bbox 1120 3806 1246 3861; x_wconf 87' lang='lat' dir='ltr'><em>intrasse</em></span> <span class='ocrx_word' id='word_1_974' title='bbox 1268 3805 1296 3859; x_wconf 93' lang='lat' dir='ltr'><em>in</em></span> <span class='ocrx_word' id='word_1_975' title='bbox 1313 3803 1449 3870; x_wconf 89' lang='lat' dir='ltr'><em>domum,</em></span> <span class='ocrx_word' id='word_1_976' title='bbox 1466 3804 1572 3862; x_wconf 86' lang='lat' dir='ltr'><em>orabat</em></span> <span class='ocrx_word' id='word_1_977' title='bbox 1595 3805 1702 3876; x_wconf 84' lang='lat' dir='ltr'><em>expelli</em></span> <span class='ocrx_word' id='word_1_978' title='bbox 1722 3807 1834 3862; x_wconf 74' lang='lat' dir='ltr'><em>diemo·</em></span> 
     </span>
     <span class='ocr_line' id='line_1_130' title="bbox 1008 3875 1833 3933; baseline 0 -1"><span class='ocrx_word' id='word_1_979' title='bbox 1008 3879 1090 3932; x_wconf 91' lang='lat' dir='ltr'><em>nium</em></span> <span class='ocrx_word' id='word_1_980' title='bbox 1115 3876 1207 3932; x_wconf 86' lang='lat' dir='ltr'><em>afilia</em></span> <span class='ocrx_word' id='word_1_981' title='bbox 1220 3890 1284 3930; x_wconf 88' lang='lat' dir='ltr'><em>sua.</em></span> <span class='ocrx_word' id='word_1_982' title='bbox 1302 3875 1434 3931; x_wconf 87' lang='lat' dir='ltr'><em>Salvator</em></span> <span class='ocrx_word' id='word_1_983' title='bbox 1450 3881 1549 3931; x_wconf 89' lang='lat' dir='ltr'><em>autem</em></span> <span class='ocrx_word' id='word_1_984' title='bbox 1573 3878 1668 3933; x_wconf 87' lang='lat' dir='ltr'><em>sciens</em></span> <span class='ocrx_word' id='word_1_985' title='bbox 1693 3892 1753 3932; x_wconf 91' lang='lat' dir='ltr'><em>non</em></span> <span class='ocrx_word' id='word_1_986' title='bbox 1768 3892 1833 3932; x_wconf 89' lang='lat' dir='ltr'><em>esse</em></span> 
     </span>
     <span class='ocr_line' id='line_1_131' title="bbox 1007 3946 1834 4019; baseline -0.001 -15"><span class='ocrx_word' id='word_1_987' title='bbox 1007 3946 1307 4019; x_wconf 87' lang='lat' dir='ltr'><em>tempusdandiultro</em></span> <span class='ocrx_word' id='word_1_988' title='bbox 1323 3947 1447 4016; x_wconf 90' lang='lat' dir='ltr'><em>gratiam</em></span> <span class='ocrx_word' id='word_1_989' title='bbox 1459 3946 1611 4014; x_wconf 86' lang='lat' dir='ltr'><em>Gentibus,</em></span> <span class='ocrx_word' id='word_1_990' title='bbox 1626 3948 1678 4015; x_wconf 88' lang='lat' dir='ltr'><em>ait,</em></span> <span class='ocrx_word' id='word_1_991' title='bbox 1689 3947 1834 4015; x_wconf 89' lang='lat' dir='ltr'><em>Sine,nati</em></span> 
     </span>
     <span class='ocr_line' id='line_1_132' title="bbox 1006 4017 1834 4092; baseline 0 -19"><span class='ocrx_word' id='word_1_992' title='bbox 1006 4020 1086 4092; x_wconf 85' lang='lat' dir='ltr'><em>prins</em></span> <span class='ocrx_word' id='word_1_993' title='bbox 1097 4023 1268 4074; x_wconf 79' lang='lat' dir='ltr'><em>saturentur.</em></span> <span class='ocrx_word' id='word_1_994' title='bbox 1286 4017 1347 4072; x_wconf 88' lang='lat' dir='ltr'><em>Non</em></span> <span class='ocrx_word' id='word_1_995' title='bbox 1362 4019 1432 4073; x_wconf 86' lang='lat' dir='ltr'><em>enim</em></span> <span class='ocrx_word' id='word_1_996' title='bbox 1449 4017 1511 4074; x_wconf 83' lang='lat' dir='ltr'><em>iicet</em></span> <span class='ocrx_word' id='word_1_997' title='bbox 1524 4019 1642 4090; x_wconf 86' lang='lat' dir='ltr'><em>accipere</em></span> <span class='ocrx_word' id='word_1_998' title='bbox 1655 4035 1751 4091; x_wconf 86' lang='lat' dir='ltr'><em>ponem</em></span> <span class='ocrx_word' id='word_1_999' title='bbox 1764 4019 1834 4091; x_wconf 73' lang='lat' dir='ltr'><em>filio-</em></span> 
     </span>
     <span class='ocr_line' id='line_1_133' title="bbox 1006 4087 1832 4157; baseline 0 -11"><span class='ocrx_word' id='word_1_1000' title='bbox 1006 4108 1080 4157; x_wconf 88' lang='lat' dir='ltr'><em>ram,</em></span> <span class='ocrx_word' id='word_1_1001' title='bbox 1096 4096 1122 4144; x_wconf 93' lang='lat' dir='ltr'><em>et</em></span> <span class='ocrx_word' id='word_1_1002' title='bbox 1136 4091 1243 4145; x_wconf 87' lang='lat' dir='ltr'><em>mittere</em></span> <span class='ocrx_word' id='word_1_1003' title='bbox 1255 4087 1374 4145; x_wconf 86' lang='lat' dir='ltr'><em>eonihas.</em></span> <span class='ocrx_word' id='word_1_1004' title='bbox 1390 4089 1472 4145; x_wconf 86' lang='lat' dir='ltr'><em>Tunc</em></span> <span class='ocrx_word' id='word_1_1005' title='bbox 1488 4090 1594 4146; x_wconf 89' lang='lat' dir='ltr'><em>mulier</em></span> <span class='ocrx_word' id='word_1_1006' title='bbox 1606 4093 1759 4147; x_wconf 89' lang='lat' dir='ltr'><em>consensit</em></span> <span class='ocrx_word' id='word_1_1007' title='bbox 1771 4091 1832 4146; x_wconf 91' lang='lat' dir='ltr'><em>Sal·</em></span> 
     </span>
     <span class='ocr_line' id='line_1_134' title="bbox 1007 4160 1831 4232; baseline 0 -16"><span class='ocrx_word' id='word_1_1008' title='bbox 1007 4161 1119 4218; x_wconf 86' lang='lat' dir='ltr'><em>valoris</em></span> <span class='ocrx_word' id='word_1_1009' title='bbox 1132 4162 1238 4225; x_wconf 84' lang='lat' dir='ltr'><em>verbis,</em></span> <span class='ocrx_word' id='word_1_1010' title='bbox 1251 4171 1278 4217; x_wconf 92' lang='lat' dir='ltr'><em>et</em></span> <span class='ocrx_word' id='word_1_1011' title='bbox 1293 4160 1407 4232; x_wconf 89' lang='lat' dir='ltr'><em>accepit</em></span> <span class='ocrx_word' id='word_1_1012' title='bbox 1418 4161 1594 4217; x_wconf 88' lang='lat' dir='ltr'><em>beneficium</em></span> <span class='ocrx_word' id='word_1_1013' title='bbox 1630 4162 1688 4217; x_wconf 78' lang='lat' dir='ltr'><em>arod</em></span> <span class='ocrx_word' id='word_1_1014' title='bbox 1702 4160 1831 4217; x_wconf 87' lang='lat' dir='ltr'><em>volebat.</em></span> 
     </span>
     <span class='ocr_line' id='line_1_135' title="bbox 1007 4179 1833 4304; baseline -0.005 -14"><span class='ocrx_word' id='word_1_1015' title='bbox 1007 4233 1226 4291; x_wconf 81' lang='lat' dir='ltr'><em>consentiendo</em></span> <span class='ocrx_word' id='word_1_1016' title='bbox 1238 4233 1317 4288; x_wconf 86' lang='lat' dir='ltr'><em>euim</em></span> <span class='ocrx_word' id='word_1_1017' title='bbox 1335 4233 1434 4304; x_wconf 80' lang='lat' dir='ltr'><em>junxit</em></span> <span class='ocrx_word' id='word_1_1018' title='bbox 1456 4249 1487 4287; x_wconf 89' lang='lat' dir='ltr'><em>se</em></span> <span class='ocrx_word' id='word_1_1019' title='bbox 1499 4233 1560 4288; x_wconf 89' lang='lat' dir='ltr'><em>Deo</em></span> <span class='ocrx_word' id='word_1_1020' title='bbox 1573 4179 1757 4287; x_wconf 64' lang='lat' dir='ltr'><em>ichaonam.</em></span> <span class='ocrx_word' id='word_1_1021' title='bbox 1772 4231 1833 4287; x_wconf 86' lang='lat' dir='ltr'><em>Hac</em></span> 
     </span>
     <span class='ocr_line' id='line_1_136' title="bbox 1007 4302 1834 4375; baseline -0.002 -16"><span class='ocrx_word' id='word_1_1022' title='bbox 1007 4320 1078 4374; x_wconf 89' lang='lat' dir='ltr'><em>ergo</em></span> <span class='ocrx_word' id='word_1_1023' title='bbox 1093 4320 1186 4360; x_wconf 79' lang='lat' dir='ltr'><em>carisa</em></span> <span class='ocrx_word' id='word_1_1024' title='bbox 1203 4304 1296 4359; x_wconf 89' lang='lat' dir='ltr'><em>noluit</em></span> <span class='ocrx_word' id='word_1_1025' title='bbox 1318 4319 1371 4375; x_wconf 89' lang='lat' dir='ltr'><em>per</em></span> <span class='ocrx_word' id='word_1_1026' title='bbox 1383 4319 1456 4358; x_wconf 89' lang='lat' dir='ltr'><em>suos</em></span> <span class='ocrx_word' id='word_1_1027' title='bbox 1469 4303 1536 4359; x_wconf 88' lang='lat' dir='ltr'><em>sciri</em></span> <span class='ocrx_word' id='word_1_1028' title='bbox 1551 4303 1632 4375; x_wconf 93' lang='lat' dir='ltr'><em>quod</em></span> <span class='ocrx_word' id='word_1_1029' title='bbox 1644 4308 1723 4358; x_wconf 88' lang='lat' dir='ltr'><em>esset</em></span> <span class='ocrx_word' id='word_1_1030' title='bbox 1737 4303 1766 4357; x_wconf 93' lang='lat' dir='ltr'><em>in</em></span> <span class='ocrx_word' id='word_1_1031' title='bbox 1781 4302 1834 4358; x_wconf 92' lang='lat' dir='ltr'><em>do-</em></span> 
     </span>
     <span class='ocr_line' id='line_1_137' title="bbox 1006 4374 1527 4432; baseline -0.008 0"><span class='ocrx_word' id='word_1_1032' title='bbox 1006 4392 1057 4432; x_wconf 92' lang='lat' dir='ltr'><em>mo</em></span> <span class='ocrx_word' id='word_1_1033' title='bbox 1074 4375 1175 4432; x_wconf 89' lang='lat' dir='ltr'><em>:etita</em></span> <span class='ocrx_word' id='word_1_1034' title='bbox 1195 4374 1305 4430; x_wconf 83' lang='lat' dir='ltr'><em>lactum</em></span> <span class='ocrx_word' id='word_1_1035' title='bbox 1321 4379 1366 4430; x_wconf 90' lang='lat' dir='ltr'><em>est</em></span> <span class='ocrx_word' id='word_1_1036' title='bbox 1381 4380 1411 4430; x_wconf 90' lang='lat' dir='ltr'><em>ut</em></span> <span class='ocrx_word' id='word_1_1037' title='bbox 1427 4374 1527 4429; x_wconf 87' lang='lat' dir='ltr'><em>voluit.</em></span> 
     </span>
    </p>

    <p class='ocr_par' dir='ltr' id='par_1_22' title="bbox 1006 4443 1835 4717">
     <span class='ocr_line' id='line_1_138' title="bbox 1042 4443 1835 4516; baseline -0.003 -15"><span class='ocrx_word' id='word_1_1038' title='bbox 1042 4443 1835 4516; x_wconf 74' lang='lat' dir='ltr'><em>LXXVttlth).-LegiturinEvangelioluanuis,quod</em></span> 
     </span>
     <span class='ocr_line' id='line_1_139' title="bbox 1006 4513 1833 4586; baseline -0.004 -13"><span class='ocrx_word' id='word_1_1039' title='bbox 1006 4533 1076 4574; x_wconf 81' lang='lat' dir='ltr'><em>otim</em></span> <span class='ocrx_word' id='word_1_1040' title='bbox 1103 4521 1241 4586; x_wconf 88' lang='lat' dir='ltr'><em>negasset</em></span> <span class='ocrx_word' id='word_1_1041' title='bbox 1255 4532 1286 4570; x_wconf 89' lang='lat' dir='ltr'><em>se</em></span> <span class='ocrx_word' id='word_1_1042' title='bbox 1302 4514 1435 4573; x_wconf 85' lang='lat' dir='ltr'><em>Salvator</em></span> <span class='ocrx_word' id='word_1_1043' title='bbox 1450 4515 1611 4572; x_wconf 90' lang='lat' dir='ltr'><em>ascendere</em></span> <span class='ocrx_word' id='word_1_1044' title='bbox 1630 4514 1669 4571; x_wconf 92' lang='lat' dir='ltr'><em>ad</em></span> <span class='ocrx_word' id='word_1_1045' title='bbox 1684 4513 1765 4569; x_wconf 91' lang='lat' dir='ltr'><em>diem</em></span> <span class='ocrx_word' id='word_1_1046' title='bbox 1778 4514 1833 4570; x_wconf 90' lang='lat' dir='ltr'><em>les·</em></span> 
     </span>
     <span class='ocr_line' id='line_1_140' title="bbox 1006 4586 1833 4659; baseline -0.005 -14"><span class='ocrx_word' id='word_1_1047' title='bbox 1006 4594 1080 4654; x_wconf 87' lang='lat' dir='ltr'><em>tum,</em></span> <span class='ocrx_word' id='word_1_1048' title='bbox 1097 4588 1230 4644; x_wconf 90' lang='lat' dir='ltr'><em>ascendit</em></span> <span class='ocrx_word' id='word_1_1049' title='bbox 1246 4587 1336 4659; x_wconf 85' lang='lat' dir='ltr'><em>(toan.</em></span> <span class='ocrx_word' id='word_1_1050' title='bbox 1352 4604 1401 4653; x_wconf 88' lang='lat' dir='ltr'><em>vu,</em></span> <span class='ocrx_word' id='word_1_1051' title='bbox 1419 4590 1444 4652; x_wconf 87' lang='lat'><em>8,</em></span> <span class='ocrx_word' id='word_1_1052' title='bbox 1463 4588 1530 4658; x_wconf 84' lang='lat' dir='ltr'><em>tt):</em></span> <span class='ocrx_word' id='word_1_1053' title='bbox 1555 4586 1612 4641; x_wconf 91' lang='lat' dir='ltr'><em>hoc</em></span> <span class='ocrx_word' id='word_1_1054' title='bbox 1637 4587 1833 4643; x_wconf 88' lang='lat' dir='ltr'><em>inconstantis</em></span> 
     </span>
     <span class='ocr_line' id='line_1_141' title="bbox 1006 4660 1213 4717; baseline -0.014 0"><span class='ocrx_word' id='word_1_1055' title='bbox 1006 4677 1072 4717; x_wconf 89' lang='lat' dir='ltr'><em>esse</em></span> <span class='ocrx_word' id='word_1_1056' title='bbox 1087 4660 1213 4714; x_wconf 88' lang='lat' dir='ltr'><em>videtur.</em></span> 
     </span>
    </p>

    <p class='ocr_par' dir='ltr' id='par_1_23' title="bbox 1005 4728 1831 4881">
     <span class='ocr_line' id='line_1_142' title="bbox 1041 4728 1829 4803; baseline -0.001 -16"><span class='ocrx_word' id='word_1_1057' title='bbox 1041 4731 1165 4803; x_wconf 89' lang='lat' dir='ltr'><em>Semper</em></span> <span class='ocrx_word' id='word_1_1058' title='bbox 1179 4728 1312 4785; x_wconf 86' lang='lat' dir='ltr'><em>breviata</em></span> <span class='ocrx_word' id='word_1_1059' title='bbox 1327 4728 1532 4800; x_wconf 89' lang='lat' dir='ltr'><em>propositione</em></span> <span class='ocrx_word' id='word_1_1060' title='bbox 1548 4743 1670 4785; x_wconf 90' lang='lat' dir='ltr'><em>sensum</em></span> <span class='ocrx_word' id='word_1_1061' title='bbox 1685 4728 1829 4787; x_wconf 89' lang='lat' dir='ltr'><em>occultas.</em></span> 
     </span>
     <span class='ocr_line' id='line_1_143' title="bbox 1005 4799 1831 4881; baseline -0.002 -22"><span class='ocrx_word' id='word_1_1062' title='bbox 1005 4804 1080 4859; x_wconf 89' lang='lat' dir='ltr'><em>Nam</em></span> <span class='ocrx_word' id='word_1_1063' title='bbox 1096 4803 1152 4857; x_wconf 92' lang='lat' dir='ltr'><em>hoc</em></span> <span class='ocrx_word' id='word_1_1064' title='bbox 1167 4801 1248 4873; x_wconf 93' lang='lat' dir='ltr'><em>qaod</em></span> <span class='ocrx_word' id='word_1_1065' title='bbox 1264 4800 1293 4854; x_wconf 92' lang='lat' dir='ltr'><em>iu</em></span> <span class='ocrx_word' id='word_1_1066' title='bbox 1307 4799 1506 4881; x_wconf 79' lang='lat' dir='ltr'><em>quaestionem</em></span> <span class='ocrx_word' id='word_1_1067' title='bbox 1526 4816 1618 4858; x_wconf 88' lang='lat' dir='ltr'><em>vocas</em></span> <span class='ocrx_word' id='word_1_1068' title='bbox 1638 4800 1831 4858; x_wconf 85' lang='lat' dir='ltr'><em>lancinatum</em></span> 
     </span>
    </p>
   </div>
   <div class='ocr_carea' id='block_1_10' title="bbox 1005 4871 1936 4955">
    <p class='ocr_par' dir='ltr' id='par_1_24' title="bbox 1005 4871 1936 4955">
     <span class='ocr_line' id='line_1_144' title="bbox 1005 4871 1936 4955; baseline -0.001 -27"><span class='ocrx_word' id='word_1_1069' title='bbox 1005 4878 1058 4944; x_wconf 88' lang='grc' dir='ltr'>εει,</span> <span class='ocrx_word' id='word_1_1070' title='bbox 1075 4873 1199 4946; x_wconf 89' lang='lat' dir='ltr'><em>quando</em></span> <span class='ocrx_word' id='word_1_1071' title='bbox 1212 4873 1242 4927; x_wconf 91' lang='lat' dir='ltr'><em>iu</em></span> <span class='ocrx_word' id='word_1_1072' title='bbox 1260 4871 1378 4928; x_wconf 82' lang='lat' dir='ltr'><em>Galilaea</em></span> <span class='ocrx_word' id='word_1_1073' title='bbox 1400 4873 1515 4955; x_wconf 88' lang='lat' dir='ltr'><em>positus</em></span> <span class='ocrx_word' id='word_1_1074' title='bbox 1536 4878 1659 4944; x_wconf 91' lang='lat' dir='ltr'><em>propter</em></span> <span class='ocrx_word' id='word_1_1075' title='bbox 1673 4873 1834 4928; x_wconf 90' lang='lat' dir='ltr'><em>tumultum</em></span> <span class='ocrx_word' id='word_1_1076' title='bbox 1933 4908 1936 4913; x_wconf 87' lang='lat'>-</span> 
     </span>
    </p>
   </div>
   <div class='ocr_carea' id='block_1_11' title="bbox 1004 4942 1835 5585">
    <p class='ocr_par' dir='ltr' id='par_1_25' title="bbox 1004 4942 1835 5585">
     <span class='ocr_line' id='line_1_145' title="bbox 1004 4942 1834 5011; baseline -0.006 -10"><span class='ocrx_word' id='word_1_1077' title='bbox 1004 4946 1190 5011; x_wconf 79' lang='lat' dir='ltr'><em>ludaeorum,</em></span> <span class='ocrx_word' id='word_1_1078' title='bbox 1216 4943 1356 5000; x_wconf 88' lang='lat' dir='ltr'><em>iratribus</em></span> <span class='ocrx_word' id='word_1_1079' title='bbox 1370 4960 1431 4999; x_wconf 83' lang='lat' dir='ltr'><em>suis</em></span> <span class='ocrx_word' id='word_1_1080' title='bbox 1454 4944 1553 5000; x_wconf 90' lang='lat' dir='ltr'><em>adhuc</em></span> <span class='ocrx_word' id='word_1_1081' title='bbox 1567 4959 1629 5000; x_wconf 90' lang='lat' dir='ltr'><em>non</em></span> <span class='ocrx_word' id='word_1_1082' title='bbox 1645 4942 1834 5000; x_wconf 85' lang='lat' dir='ltr'><em>credentibus</em></span> 
     </span>
     <span class='ocr_line' id='line_1_146' title="bbox 1005 5013 1835 5088; baseline -0.001 -16"><span class='ocrx_word' id='word_1_1083' title='bbox 1005 5017 1073 5083; x_wconf 88' lang='lat' dir='ltr'><em>sibi,</em></span> <span class='ocrx_word' id='word_1_1084' title='bbox 1100 5015 1337 5088; x_wconf 88' lang='lat' dir='ltr'><em>compellebatur</em></span> <span class='ocrx_word' id='word_1_1085' title='bbox 1359 5016 1521 5072; x_wconf 86' lang='lat' dir='ltr'><em>ascendere</em></span> <span class='ocrx_word' id='word_1_1086' title='bbox 1542 5016 1572 5071; x_wconf 90' lang='lat' dir='ltr'><em>in</em></span> <span class='ocrx_word' id='word_1_1087' title='bbox 1587 5016 1736 5077; x_wconf 76' lang='lat' dir='ltr'><em>iudaeam,</em></span> <span class='ocrx_word' id='word_1_1088' title='bbox 1760 5013 1835 5085; x_wconf 83' lang='lat' dir='ltr'><em>qaia</em></span> 
     </span>
     <span class='ocr_line' id='line_1_147' title="bbox 1005 5083 1835 5150; baseline -0.006 -6"><span class='ocrx_word' id='word_1_1089' title='bbox 1005 5088 1123 5144; x_wconf 85' lang='lat' dir='ltr'><em>laturus</em></span> <span class='ocrx_word' id='word_1_1090' title='bbox 1138 5092 1202 5144; x_wconf 90' lang='lat' dir='ltr'><em>erat</em></span> <span class='ocrx_word' id='word_1_1091' title='bbox 1215 5088 1279 5142; x_wconf 86' lang='lat' dir='ltr'><em>dies</em></span> <span class='ocrx_word' id='word_1_1092' title='bbox 1303 5087 1394 5143; x_wconf 86' lang='lat' dir='ltr'><em>lestus</em></span> <span class='ocrx_word' id='word_1_1093' title='bbox 1408 5087 1594 5150; x_wconf 80' lang='lat' dir='ltr'><em>ludaeorum,</em></span> <span class='ocrx_word' id='word_1_1094' title='bbox 1610 5091 1641 5143; x_wconf 88' lang='lat' dir='ltr'><em>ul</em></span> <span class='ocrx_word' id='word_1_1095' title='bbox 1657 5083 1835 5140; x_wconf 89' lang='lat' dir='ltr'><em>seditionem</em></span> 
     </span>
     <span class='ocr_line' id='line_1_148' title="bbox 1005 5153 1834 5231; baseline -0.005 -17"><span class='ocrx_word' id='word_1_1096' title='bbox 1005 5163 1164 5231; x_wconf 90' lang='lat' dir='ltr'><em>pateretur.</em></span> <span class='ocrx_word' id='word_1_1097' title='bbox 1194 5162 1202 5213; x_wconf 93' lang='lat' dir='ltr'><em>l</em></span> <span class='ocrx_word' id='word_1_1098' title='bbox 1228 5172 1259 5212; x_wconf 86' lang='lat' dir='ltr'><em>se</em></span> <span class='ocrx_word' id='word_1_1099' title='bbox 1273 5162 1373 5214; x_wconf 89' lang='lat' dir='ltr'><em>autem</em></span> <span class='ocrx_word' id='word_1_1100' title='bbox 1400 5158 1553 5229; x_wconf 89' lang='lat' dir='ltr'><em>rospondit</em></span> <span class='ocrx_word' id='word_1_1101' title='bbox 1568 5159 1619 5220; x_wconf 90' lang='lat' dir='ltr'><em>eis,</em></span> <span class='ocrx_word' id='word_1_1102' title='bbox 1645 5156 1766 5211; x_wconf 88' lang='lat' dir='ltr'><em>dicens:</em></span> <span class='ocrx_word' id='word_1_1103' title='bbox 1785 5153 1834 5211; x_wconf 82' lang='lat' dir='ltr'><em>Vos</em></span> 
     </span>
     <span class='ocr_line' id='line_1_149' title="bbox 1004 5174 1834 5354; baseline -0.005 -70"><span class='ocrx_word' id='word_1_1104' title='bbox 1004 5229 1139 5285; x_wconf 84' lang='lat' dir='ltr'><em>ascendite</em></span> <span class='ocrx_word' id='word_1_1105' title='bbox 1153 5227 1189 5283; x_wconf 88' lang='lat' dir='ltr'><em>ad</em></span> <span class='ocrx_word' id='word_1_1106' title='bbox 1199 5174 1382 5354; x_wconf 56' lang='lat' dir='ltr'><em>hiemlertam</em></span> <span class='ocrx_word' id='word_1_1107' title='bbox 1396 5229 1486 5294; x_wconf 85' lang='lat' dir='ltr'><em>istum,</em></span> <span class='ocrx_word' id='word_1_1108' title='bbox 1510 5228 1575 5298; x_wconf 84' lang='lat' dir='ltr'><em>qaia</em></span> <span class='ocrx_word' id='word_1_1109' title='bbox 1597 5227 1710 5308; x_wconf 74' lang='lat' dir='ltr'><em>mandas</em></span> <span class='ocrx_word' id='word_1_1110' title='bbox 1723 5242 1767 5281; x_wconf 87' lang='lat' dir='ltr'><em>uos</em></span> <span class='ocrx_word' id='word_1_1111' title='bbox 1781 5241 1834 5281; x_wconf 87' lang='lat' dir='ltr'><em>non</em></span> 
     </span>
     <span class='ocr_line' id='line_1_150' title="bbox 1004 5297 1835 5370; baseline -0.005 -14"><span class='ocrx_word' id='word_1_1112' title='bbox 1004 5300 1064 5357; x_wconf 87' lang='lat' dir='ltr'><em>odit</em></span> <span class='ocrx_word' id='word_1_1113' title='bbox 1077 5315 1086 5351; x_wconf 93' lang='lat'><em>:</em></span> <span class='ocrx_word' id='word_1_1114' title='bbox 1101 5316 1140 5354; x_wconf 91' lang='lat' dir='ltr'><em>me</em></span> <span class='ocrx_word' id='word_1_1115' title='bbox 1155 5306 1271 5354; x_wconf 80' lang='lat' dir='ltr'><em>artemo</em></span> <span class='ocrx_word' id='word_1_1116' title='bbox 1292 5302 1325 5363; x_wconf 89' lang='lat' dir='ltr'><em>it,</em></span> <span class='ocrx_word' id='word_1_1117' title='bbox 1348 5301 1413 5370; x_wconf 85' lang='lat' dir='ltr'><em>qnia</em></span> <span class='ocrx_word' id='word_1_1118' title='bbox 1424 5315 1511 5370; x_wconf 74' lang='lat' dir='ltr'><em>arana</em></span> <span class='ocrx_word' id='word_1_1119' title='bbox 1522 5315 1603 5369; x_wconf 87' lang='lat' dir='ltr'><em>opera</em></span> <span class='ocrx_word' id='word_1_1120' title='bbox 1616 5314 1682 5368; x_wconf 74' lang='lat' dir='ltr'><em>ayne.</em></span> <span class='ocrx_word' id='word_1_1121' title='bbox 1710 5297 1768 5367; x_wconf 78' lang='lat' dir='ltr'><em>Ego</em></span> <span class='ocrx_word' id='word_1_1122' title='bbox 1782 5313 1835 5353; x_wconf 88' lang='lat' dir='ltr'><em>non</em></span> 
     </span>
     <span class='ocr_line' id='line_1_151' title="bbox 1004 5370 1834 5441; baseline -0.005 -14"><span class='ocrx_word' id='word_1_1123' title='bbox 1004 5370 1116 5427; x_wconf 84' lang='lat' dir='ltr'><em>ascendo</em></span> <span class='ocrx_word' id='word_1_1124' title='bbox 1131 5370 1167 5426; x_wconf 87' lang='lat' dir='ltr'><em>ad</em></span> <span class='ocrx_word' id='word_1_1125' title='bbox 1178 5371 1247 5425; x_wconf 85' lang='lat' dir='ltr'><em>diem</em></span> <span class='ocrx_word' id='word_1_1126' title='bbox 1262 5373 1358 5439; x_wconf 74' lang='lat' dir='ltr'><em>festam</em></span> <span class='ocrx_word' id='word_1_1127' title='bbox 1373 5371 1452 5435; x_wconf 83' lang='lat' dir='ltr'><em>hano,</em></span> <span class='ocrx_word' id='word_1_1128' title='bbox 1467 5370 1530 5441; x_wconf 84' lang='lat' dir='ltr'><em>qnia</em></span> <span class='ocrx_word' id='word_1_1129' title='bbox 1546 5377 1647 5441; x_wconf 84' lang='lat' dir='ltr'><em>tempas</em></span> <span class='ocrx_word' id='word_1_1130' title='bbox 1666 5385 1753 5424; x_wconf 85' lang='lat' dir='ltr'><em>meum</em></span> <span class='ocrx_word' id='word_1_1131' title='bbox 1768 5385 1834 5424; x_wconf 89' lang='lat' dir='ltr'><em>non-</em></span> 
     </span>
     <span class='ocr_line' id='line_1_152' title="bbox 1004 5439 1833 5523; baseline -0.001 -26"><span class='ocrx_word' id='word_1_1132' title='bbox 1004 5443 1067 5498; x_wconf 84' lang='lat' dir='ltr'><em>dam</em></span> <span class='ocrx_word' id='word_1_1133' title='bbox 1078 5441 1221 5512; x_wconf 85' lang='lat' dir='ltr'><em>impletam</em></span> <span class='ocrx_word' id='word_1_1134' title='bbox 1231 5449 1279 5498; x_wconf 82' lang='lat' dir='ltr'><em>eet.</em></span> <span class='ocrx_word' id='word_1_1135' title='bbox 1295 5444 1376 5497; x_wconf 87' lang='lat' dir='ltr'><em>Tunc</em></span> <span class='ocrx_word' id='word_1_1136' title='bbox 1390 5442 1494 5497; x_wconf 85' lang='lat' dir='ltr'><em>iratres</em></span> <span class='ocrx_word' id='word_1_1137' title='bbox 1504 5441 1570 5523; x_wconf 82' lang='lat' dir='ltr'><em>ejus</em></span> <span class='ocrx_word' id='word_1_1138' title='bbox 1584 5439 1833 5496; x_wconf 89' lang='lat' dir='ltr'><em>ascenderunted</em></span> 
     </span>
     <span class='ocr_line' id='line_1_153' title="bbox 1004 5511 1834 5585; baseline -0.002 -15"><span class='ocrx_word' id='word_1_1139' title='bbox 1004 5514 1085 5570; x_wconf 91' lang='lat' dir='ltr'><em>diem</em></span> <span class='ocrx_word' id='word_1_1140' title='bbox 1100 5513 1221 5578; x_wconf 88' lang='lat' dir='ltr'><em>lestum,</em></span> <span class='ocrx_word' id='word_1_1141' title='bbox 1246 5513 1309 5585; x_wconf 91' lang='lat' dir='ltr'><em>ipse</em></span> <span class='ocrx_word' id='word_1_1142' title='bbox 1332 5528 1403 5569; x_wconf 82' lang='lat' dir='ltr'><em>vero</em></span> <span class='ocrx_word' id='word_1_1143' title='bbox 1429 5517 1541 5569; x_wconf 79' lang='lat' dir='ltr'><em>mansit</em></span> <span class='ocrx_word' id='word_1_1144' title='bbox 1570 5511 1600 5567; x_wconf 92' lang='lat' dir='ltr'><em>iu</em></span> <span class='ocrx_word' id='word_1_1145' title='bbox 1616 5511 1746 5569; x_wconf 78' lang='lat' dir='ltr'><em>actites.</em></span> <span class='ocrx_word' id='word_1_1146' title='bbox 1763 5511 1834 5568; x_wconf 85' lang='lat' dir='ltr'><em>Post</em></span> 
     </span>
    </p>
   </div>
   <div class='ocr_carea' id='block_1_12' title="bbox 1003 5609 1835 5804">
    <p class='ocr_par' dir='ltr' id='par_1_26' title="bbox 1003 5609 1835 5804">
     <span class='ocr_line' id='line_1_154' title="bbox 1036 5609 1835 5684; baseline -0.001 -23"><span class='ocrx_word' id='word_1_1147' title='bbox 1036 5612 1072 5674; x_wconf 87' lang='lat' dir='ltr'><em>(a)</em></span> <span class='ocrx_word' id='word_1_1148' title='bbox 1097 5611 1213 5671; x_wconf 75' lang='lat' dir='ltr'><em>Quaestio</em></span> <span class='ocrx_word' id='word_1_1149' title='bbox 1231 5610 1325 5660; x_wconf 87' lang='lat' dir='ltr'><em>eadem</em></span> <span class='ocrx_word' id='word_1_1150' title='bbox 1342 5624 1374 5660; x_wconf 86' lang='lat' dir='ltr'><em>ex</em></span> <span class='ocrx_word' id='word_1_1151' title='bbox 1404 5610 1468 5684; x_wconf 66' lang='lat' dir='ltr'><em>hlss3</em></span> <span class='ocrx_word' id='word_1_1152' title='bbox 1486 5609 1596 5683; x_wconf 76' lang='lat' dir='ltr'><em>secundi</em></span> <span class='ocrx_word' id='word_1_1153' title='bbox 1641 5610 1739 5668; x_wconf 73' lang='lat' dir='ltr'><em>enema,</em></span> <span class='ocrx_word' id='word_1_1154' title='bbox 1764 5611 1835 5662; x_wconf 86' lang='lat' dir='ltr'><em>luter</em></span> 
     </span>
     <span class='ocr_line' id='line_1_155' title="bbox 1003 5672 1753 5804; baseline 0 -17"><span class='ocrx_word' id='word_1_1155' title='bbox 1003 5672 1619 5803; x_wconf 54' lang='lat' dir='ltr'><em>ttaattilaetantillitatem</em></span> <span class='ocrx_word' id='word_1_1156' title='bbox 1632 5676 1753 5804; x_wconf 72' lang='grc' dir='ltr'>ἓὲἓεε.</span> 
     </span>
    </p>
   </div>
   <div class='ocr_carea' id='block_1_13' title="bbox 0 0 1980 6148">
    <p class='ocr_par' dir='ltr' id='par_1_27' title="bbox 0 0 1980 6148">
     <span class='ocr_line' id='line_1_156' title="bbox 0 0 1980 6148; baseline 0 0"><span class='ocrx_word' id='word_1_1157' title='bbox 0 0 1980 6148; x_wconf 95' lang='lat' dir='ltr'><em> </em></span> 
     </span>
    </p>
   </div>
  </div>
 </body>
</html>
