3952 6150
140 203 217 267 l9³1
620 200 659 260 IN
680 194 841 260 tuendis
863 189 1136 266 EVANGEblUlll,
1156 191 1189 251 S.
1213 190 1424 255 nudusrtnt
1828 193 1910 259 1932

139 341 237 396 notem
251 342 281 396 et
290 337 393 406 Judas,
403 336 454 410 qui
471 335 606 393 tradebat
618 349 696 400 enm,
708 346 775 389 cnm
786 330 868 404 ipsis.
882 330 994 398 Utergo
1049 325 1156 398 quippe
1170 325 1245 382 lacto
1261 324 1309 383 ille
1323 325 1486 400 discipulus
1501 326 1675 401 magistram
1686 326 1844 385 defendero
1862 344 1910 386 ro-

139 427 213 487 diait
228 428 283 492 ais,
294 428 443 501 ligneum,
455 425 591 483 abierunt
601 429 773 483 retrorsum,
784 425 813 479 et
826 419 995 476 reciderunt
1048 414 1113 482 tait,
1132 431 1189 472 non
1206 416 1282 489 qnod
1297 415 1525 489 significandum
1535 416 1738 491 estcogitevit.
1749 416 1909 491 titilleigi·

139 514 171 574 in
194 520 313 575 torrem.
329 538 344 568 n
362 516 414 574 ilbi
440 532 518 572 nunc
542 513 670 571 militum
693 512 806 579 cohors,
823 512 852 566 et
866 503 993 563 ministri
1048 504 1141 561 turad
1155 505 1325 577 patientiam
1340 507 1648 575 commonendosinit,
1660 505 1756 563 ethoo
1770 507 1807 563 ad
1823 507 1908 565 intel·

139 603 306 678 principum
321 620 355 661 ao
369 601 605 661 Pharisaeorum?
622 598 671 657 abi
687 608 778 655 terror
796 601 826 654 et
841 593 991 652 munimen
1048 594 1199 667 ligantiam
1215 596 1469 654 conscribendum.
1485 597 1567 663 Quod
1589 600 1719 653 autcme
1745 596 1828 654 Patra
1849 597 1907 654 sibi

140 695 311 753 armornm?
324 697 432 766 Nempe
442 710 503 753 nne
513 709 567 749 uox
578 690 714 758 dicentis,
726 691 779 762 Epo
793 704 865 755 sam,
882 692 993 742 tontum
1049 684 1231 743 dicitdotnm
1242 684 1360 742 colicam
1373 684 1666 757 passionis,prolecto
1682 683 1755 741 itlad
1771 687 1905 759 estquod

139 784 257 843 turbem
273 784 349 842 odiis
364 784 488 840 ieracem
504 782 653 854 armisque
668 778 840 847 terribilem,
856 778 920 833 eine
935 775 992 833 telo
1048 770 1254 844 nittpostotus
1271 775 1322 832 :Si
1333 776 1405 832 Dour
1416 790 1467 847 pro
1479 775 1568 845 nolis,
1578 775 1639 847 qais
1655 778 1833 833 contrarios?
1851 777 1907 847 Qui

137 873 199 933 ulio
218 873 372 948 percussit,
392 872 509 944 repulit,
521 869 633 928 stravit.
649 869 725 926 Deus
739 868 818 925 enim
840 866 948 923 latebat
962 865 991 923 in
1045 862 1119 921 Filio
1133 867 1246 938 proprio
1261 882 1316 922 noo
1328 869 1459 939 pepercit,
1470 866 1518 924 scd
1532 882 1581 939 pro
1596 867 1675 924 nobis
1694 868 1821 925 omnibus
1842 877 1905 925 ινα-

135 966 271 1033 cerne;st
285 962 482 1036 sempiternus
497 960 561 1017 dios
574 960 616 1016 ite
635 958 776 1017 membris
791 956 992 1015 occultabatur
1045 950 1117 1009 didit
1132 970 1194 1010 cum
1218 956 1307 1027 (dom.
1330 972 1390 1024 ιιιιι,
1406 957 1452 1027 31,
1472 957 1529 1026 32).
1551 956 1657 1013 Verum
1677 961 1777 1014 anatur
1800 957 1902 1016 celicia

136 1047 992 1121 humenis,ntlaternioctfaciebusquesrereturoccidendus
1046 1039 1136 1115 bajus
1150 1048 1193 1100 est
1208 1045 1294 1101 etiam
1312 1044 1375 1117 ipse
1392 1044 1442 1117 qui
1458 1044 1540 1101 bibit.
1559 1044 1640 1101 Unde
1656 1046 1732 1102 idem
1752 1046 1899 1119 apostolus

133 1140 303 1200 atenabrie.
319 1141 374 1211 Epo
388 1156 460 1209 eam,
477 1139 548 1197 dicit
559 1155 566 1208 ;
577 1147 604 1195 at
615 1138 721 1211 impios
733 1137 844 1209 dejicit.
860 1136 934 1203 Quid
943 1136 991 1207 ju·
1045 1133 1115 1191 item
1131 1134 1201 1190 dicit
1217 1149 1224 1190 ε
1242 1134 1362 1190 Cleristns
1373 1134 1472 1190 dilexit
1486 1149 1544 1204 noe,
1556 1140 1582 1191 et
1593 1133 1710 1192 tradidit
1724 1137 1901 1207 semetipsum

134 1230 289 1288 dicaturus
306 1230 406 1300 laniet,
423 1229 473 1302 qui
485 1228 666 1300 judicandus
681 1227 736 1284 boc
751 1226 842 1284 iecit‘l
858 1225 930 1292 Quid
942 1241 990 1281 re·
1042 1225 1178 1298 procebis
1195 1225 1360 1283 allationem
1371 1234 1396 1282 ct
1412 1226 1593 1284 tostiamllco
1610 1229 1640 1283 tn
1656 1227 1760 1284 odorem
1771 1228 1900 1284 suauilo-

134 1324 280 1393 goaturos
296 1319 414 1393 poterit,
430 1318 481 1391 qui
498 1317 658 1374 morituros
674 1315 729 1373 boo
745 1315 990 1387 potnit‘llitnunc
1045 1317 1080 1373 tie
1095 1316 1201 1387 (Epiros.
1219 1332 1246 1386 v,
1260 1317 1299 1389 2).

134 1408 248 1483 ubique
267 1424 320 1482 par
337 1405 539 1480 Evangelium,
555 1408 609 1476 dno
624 1422 694 1472 eum,
709 1405 781 1462 dicit
794 1404 944 1474 Christos;
960 1407 989 1461 et
1078 1406 1106 1461 6.
1128 1403 1227 1462 Colore
1247 1407 1339 1461 autem
1359 1413 1385 1462 ct
1406 1405 1536 1462 tribunae
1556 1410 1582 1463 et
1597 1406 1720 1464 ministri
1741 1408 1903 1467 ludaeorum

132 1515 148 1554 n
176 1497 288 1555 iudeis
324 1500 509 1569 exspectatur
538 1494 751 1566 Antichristus,
780 1497 812 1551 ut
840 1499 915 1552 retro
943 1509 989 1551 rc·
1043 1493 1305 1567 comprehenderunt
1324 1495 1425 1565 locuni,
1446 1502 1472 1551 et
1493 1497 1649 1566 ttpnrerunt
1672 1513 1746 1554 eam.
1762 1497 1903 1570 (lompre-

131 1587 230 1658 deent,
245 1590 274 1645 et
289 1586 319 1644 in
336 1592 440 1644 terrem
456 1587 573 1652 cudent,
590 1585 730 1660 quoniam
752 1585 917 1642 deserentes
931 1599 988 1642 cca-
1043 1584 1210 1642 henderunt
1225 1585 1259 1641 ed
1277 1601 1365 1658 quem
1382 1601 1440 1641 non
1456 1589 1640 1642 accesserunt
1655 1603 1665 1642 ε
1680 1587 1818 1659 quoniam
1838 1589 1901 1646 dies

131 1675 228 1747 testie,
244 1680 361 1735 terrene
381 1677 556 1735 desiderent.
572 1675 655 1733 Certe
678 1676 714 1733 ad
738 1674 985 1748 comprehenden-

40 1806 44 1813 -
132 1766 204 1825 dnm
232 1769 332 1824 tesam
361 1770 561 1838 persecutores
584 1782 651 1824 com
675 1765 815 1823 traditore
832 1768 987 1832 venerunt,

131 1870 220 1930 quem
244 1855 412 1930 querebant
434 1855 623 1923 invenerunt,
647 1855 804 1913 audierunt
825 1856 879 1927 Epo
901 1870 986 1913 eam:

133 1960 223 2018 qnare
248 1961 306 2002 non
331 1945 624 2019 comprehenderunt,
641 1947 689 2003 sed
705 1944 841 2003 abierunt
855 1946 943 2012 retro,
958 1949 986 2000 et

128 2035 305 2099 ceciderunt.
322 2035 378 2094 niei
396 2037 467 2111 quia
482 2037 537 2094 boc
552 2036 652 2106 soluit,
668 2036 719 2109 qui
735 2036 829 2109 potuit
843 2033 983 2107 quidquid

128 2124 239 2182 volultt
251 2124 361 2183 Veram
379 2127 404 2184 oi
420 2142 570 2199 nonquam
588 2143 619 2183 ee
634 2126 670 2182 ab
685 2125 727 2183 aia
742 2125 918 2197 permitteret
933 2142 985 2198 ep·

39 2282 46 2291 ¹
127 2214 277 2288 prebendi,
294 2232 354 2274 non
369 2216 487 2289 qnidam
504 2216 545 2273 illi
562 2217 689 2274 fecerent
712 2216 919 2289 propterquod
934 2233 984 2273 ue-

126 2309 242 2377 nerant,
257 2306 310 2363 ned
335 2321 390 2365 neo
415 2306 478 2379 ipse
502 2307 609 2365 feceret
632 2308 841 2381 propterquod
857 2311 983 2366 venerat.

125 2398 198 2453 llum
221 2397 331 2470 quippe
355 2397 399 2455 tlll
423 2398 615 2455 occidendum
637 2398 805 2471 querebant
819 2399 982 2467 senionem

126 2484 177 2541 eed
202 2487 352 2558 querebat
376 2503 430 2544 nos
454 2492 482 2544 et
509 2488 571 2561 ipse
596 2488 756 2545 moriendo.
775 2487 898 2545 Proinde
914 2488 983 2559 quio

125 2578 226 2633 tenera
249 2575 427 2646 volentibus,
452 2593 505 2635 neo
528 2576 705 2646 veientibus,
727 2577 856 2635 ostendit
885 2582 981 2649 potes·

127 2666 408 2737 tetemauem;1em
423 2670 542 2723 teneant
556 2682 635 2736 enm,
651 2671 683 2723 ut
698 2667 782 2723 locist
797 2667 832 2725 de
847 2667 981 2724 nenoten-

124 2752 204 2813 tibus
218 2754 399 2814 voluntatem
416 2773 511 2815 suem.

161 2846 189 2903 l.
205 2868 221 2899 ιι
234 2848 341 2904 lterum
357 2863 425 2919 ergo
440 2863 489 2904 eos
506 2848 710 2921 interrogovit:
723 2850 813 2913 Quem
830 2848 980 2920 queritis?

127 2934 174 2994 lili
198 2943 293 2995 autem
317 2938 474 2998 dixerunt:
490 2939 590 2996 lesum
611 2939 803 2997 Nazarenum.
820 2940 980 3012 Respondit

127 3028 215 3084 Jeeus
225 3042 233 3084 :
244 3025 308 3084 Dixi
324 3026 404 3084 vobis
419 3027 487 3100 quie
502 3043 556 3102 ego
570 3044 648 3086 som.
660 3028 690 3085 si
701 3045 769 3102 ergo
781 3045 827 3087 me
838 3031 978 3102 queritis,

124 3113 215 3171 etoile
238 3113 293 3170 bes
316 3114 406 3172 abire.
423 3115 460 3172 Ut
475 3115 643 3189 impleretur
665 3132 762 3174 sermo
786 3133 871 3191 quern
894 3118 977 3186 dixit,

125 3199 199 3269 Quia
209 3217 283 3274 quae
293 3202 397 3260 dedisti
410 3202 494 3277 mibi,
503 3222 559 3261 non
572 3206 726 3278 perdidier
738 3207 780 3263 eia
791 3222 976 3279 quemquam.

122 3286 153 3346 Si
168 3304 225 3359 mc,
242 3313 254 3344 ι
272 3290 377 3365 inquit,
391 3314 405 3344 ιι
421 3293 557 3366 queritis,
573 3293 660 3352 sinite
675 3296 729 3351 bos
744 3296 833 3353 obire.
847 3317 862 3347 u
878 3297 978 3354 Inimi-

121 3392 172 3437 coe
193 3379 284 3437 vidst¹
296 3421 305 3453 ,
329 3387 359 3439 et
383 3381 438 3439 boc
458 3382 571 3440 iaciunt
594 3384 673 3457 qnod
692 3385 793 3456 juben
811 3385 912 3444 sinunt
927 3404 977 3445 eos

121 3466 213 3538 abire,
238 3485 314 3543 qnos
336 3487 394 3529 non
417 3470 478 3529 vult
501 3473 606 3547 perire.
629 3474 779 3549 Numquid
799 3481 896 3534 eutem
918 3494 975 3535 non

121 3563 205 3617 erent
220 3568 318 3633 postea
334 3561 491 3619 morituri?
501 3562 560 3620 (tur
573 3580 640 3638 ergo
656 3566 680 3621 ei
697 3570 767 3622 tunc
782 3572 975 3634 morerentur,

120 3650 253 3722 perderet
267 3667 328 3721 eos,
340 3653 396 3710 nisi
408 3654 476 3726 qula
493 3655 620 3712 nondum
634 3656 676 3712 sio
687 3655 716 3712 in
728 3673 795 3713 eum
808 3658 975 3726 credebaut,

120 3742 268 3811 monsedo
283 3741 406 3798 credunt
421 3742 596 3818 quicumque
611 3762 667 3801 non
684 3747 833 3818 pareant?

155 3828 184 3883 e.
199 3828 294 3886 Simon
309 3847 373 3902 cepo
393 3833 490 3889 Petras
513 3835 616 3892 tabens
640 3837 774 3909 eludium,
791 3838 885 3896 eduxit
901 3856 973 3908 eam,

1042 1674 1103 1741 ilie,
1119 1673 1161 1729 illi
1177 1690 1243 1731 vero
1260 1673 1385 1730 tenebre
1402 1678 1628 1746 permanserunt
1639 1693 1648 1745 ;
1659 1691 1713 1733 nec
1727 1677 1899 1745 audierunt,

1042 1765 1166 1823 Acceditc
1186 1765 1221 1821 od
1240 1783 1303 1822 cum
1320 1769 1345 1823 ct
1366 1765 1569 1823 illuminamini
1588 1766 1680 1838 (Pani.
1701 1770 1852 1840 runnu).
1868 1768 1902 1827 Si

1042 1856 1117 1913 onim
1128 1856 1169 1913 sic
1184 1857 1365 1918 accederent,
1378 1872 1436 1912 non
1452 1871 1522 1913 sum
1540 1857 1677 1914 manibus
1692 1858 1899 1929 accidendum,

1042 1947 1091 2004 aed
1105 1945 1303 2018 recipiendum
1315 1946 1790 2019 cordecomprehenderent.Nuno
1800 1952 1898 2006 nutem

1041 2036 1158 2109 quando
1173 2051 1240 2092 eum
1252 2034 1302 2090 iilo
1314 2036 1400 2092 modo
1412 2035 1709 2109 comprehenderunt,
1719 2040 1790 2093 tunc
1799 2038 1835 2094 ab
1847 2038 1898 2094 illo

1039 2125 1153 2199 longius
1170 2132 1350 2182 recesserunt
1367 2139 1375 2181 ε
1399 2128 1427 2181 et
1446 2123 1611 2197 ligaverunt
1634 2142 1700 2183 eum
1717 2144 1733 2183 a
1748 2143 1808 2199 quo
1822 2127 1897 2185 eolri

1040 2220 1137 2290 potius
1153 2217 1226 2274 velle
1241 2216 1416 2273 debuerunt.
1434 2217 1468 2272 lit
1482 2221 1566 2273 erant
1580 2217 1716 2274 tortuosis
1731 2217 1819 2275 ineis
1843 2217 1894 2290 qui

1040 2316 1107 2364 tuno
1130 2308 1332 2378 imposuerunt
1356 2305 1473 2362 Christo
1494 2305 1609 2362 vincula
1625 2323 1688 2375 suo,
1705 2313 1796 2378 utque
1811 2309 1848 2363 eb
1863 2323 1895 2364 eo

1039 2402 1140 2469 postea
1149 2396 1264 2454 liberati
1277 2396 1423 2463 dixerunt,
1435 2396 1584 2468 disrupisti
1598 2399 1709 2454 uincula
1719 2414 1783 2454 roca
1805 2397 1895 2469 (Psoi.

1038 2505 1099 2557 cer,
1113 2489 1157 2559 tu)
1184 2487 1249 2545 linc
1261 2487 1346 2543 lrodie
1362 2486 1434 2543 sotis
1449 2486 1527 2555 eint;
1543 2488 1760 2555 tractabuntur,
1772 2488 1830 2547 Dec
1841 2504 1894 2547 vo·

1035 2577 1122 2647 lente,
1140 2594 1274 2635 sermone
1294 2576 1351 2635 elio
1368 2594 1431 2651 qun
1447 2581 1622 2651 sequuntur.

1301 2704 1511 2762 induratus
1536 2704 1633 2763 extit.

1036 2811 1079 2868 At
1088 2811 1200 2884 eoquod
1210 2811 1320 2883 lepitur,
1331 2810 1366 2867 Et
1376 2812 1558 2868 adduxerunt
1568 2828 1634 2869 eum
1646 2812 1680 2869 nd
1703 2814 1818 2871 Annum
1833 2814 1890 2888 pri·

1071 2918 1172 2971 mum;
1188 2917 1272 2974 usquc
1286 2903 1323 2957 od
1337 2902 1375 2969 id,
1391 2905 1498 2960 ttcrum
1516 2919 1585 2976 ergo
1601 2903 1717 2977 negocii
1733 2904 1846 2975 Petrus,
1863 2909 1891 2962 et

1069 2994 1166 3051 stetini
1182 2992 1279 3068 gallus
1292 2993 1426 3050 cantavit.
1443 2993 1506 3066 Cup.
1522 3010 1601 3067 xuni,
1617 2996 1644 3066 ᾖ.
1664 2994 1763 3052 13-27.

1069 3119 1095 3175 t.
1111 3117 1304 3191 Posteaquam
1320 3121 1518 3191 persecutores
1529 3118 1659 3177 tredente
1669 3119 1685 3176 J
1690 3120 1748 3176 ude
1758 3136 1889 3193 compre·

1033 3206 1156 3265 bessam
1173 3209 1330 3265 Dominum
1347 3209 1518 3281 ligaverunt,
1538 3209 1590 3282 qai
1606 3208 1708 3266 dilexit
1721 3226 1776 3267 nos
1789 3216 1819 3268 et
1832 3216 1889 3269 tra-

1032 3298 1106 3356 didit
1120 3300 1312 3370 semetipsum
1326 3318 1378 3373 pro
1390 3301 1474 3358 nobis
1484 3302 1591 3373 (dptce.
1608 3318 1636 3370 v,
1652 3301 1692 3374 ἲ),
1704 3307 1732 3357 et
1743 3302 1791 3359 cui
1804 3302 1886 3359 Pater

1032 3406 1089 3447 non
1112 3390 1251 3463 pepercit,
1268 3391 1317 3446 srd
1343 3391 1493 3463 pronubis
1517 3392 1655 3448 omnibus
1680 3392 1802 3449 tradidit
1816 3409 1883 3449 enm

1030 3480 1117 3552 (Rom.
1130 3494 1191 3545 vnr,
1207 3479 1273 3552 32);
1290 3486 1322 3535 ut
1336 3479 1517 3553 intelligatur
1530 3480 1633 3550 dudae,
1651 3496 1709 3537 non
1726 3480 1884 3539 laudabilis

1029 3569 1153 3625 utilitate
1168 3570 1338 3626 traditionis
1354 3571 1455 3642 bajus,
1466 3570 1517 3627 sed
1533 3569 1653 3628 sceleris
1670 3569 1819 3629 voluntate
1832 3573 1883 3629 de·

1029 3656 1166 3715 moabitis
1177 3674 1185 3716 τ
1197 3658 1380 3716 ldducerunt
1389 3677 1463 3727 eum,
1475 3660 1550 3717 sicut
1562 3659 1692 3717 ioannes
1702 3660 1884 3734 evangeliste

1029 3748 1181 3809 narrat,ad
1191 3749 1297 3804 Annam
1307 3751 1440 3820 primum.
1450 3748 1508 3805 Nec
1517 3755 1590 3807 tacet
1599 3765 1718 3807 oausam
1728 3766 1783 3806 car
1792 3750 1836 3807 ita
1845 3750 1885 3807 le·

1028 3841 1107 3895 ctum
1126 3837 1184 3894 eit:
1205 3840 1270 3894 Erot
1293 3842 1376 3907 onim,
1401 3839 1507 3912 iuquit,
1524 3855 1602 3896 ancer
1624 3838 1743 3911 Coiptaae,
1760 3838 1811 3912 qui
1823 3853 1882 3900 crat

120 3923 146 3973 et
154 3918 293 3989 percussit
303 3934 410 3975 sernum
419 3921 743 3994 principiasocerdotum,
754 3935 780 3984 ct
788 3928 904 3986 abscidit
914 3933 974 4000 ejus
1024 3929 1157 4001 pontifex
1170 3927 1240 3982 oneri
1261 3927 1352 3984 illiue.
1369 3930 1435 3983 Erat
1448 3933 1553 3997 norem,
1569 3928 1676 4002 inquit,
1692 3930 1814 4000 Goipleoe
1834 3927 1883 4003 qui

119 4002 279 4064 sericatum
293 4008 450 4066 dexterum.
461 4012 528 4068 Erat
538 4017 629 4070 catcm
643 4030 741 4072 nomen
756 4032 831 4074 seruo
842 4018 972 4076 doletur.

120 4094 206 4153 ΒοΙιιι
215 4094 264 4152 bic
273 4097 547 4170 evengelieteotinm
560 4120 664 4161 nomen
679 4104 767 4177 bajus
781 4107 974 4181 seruiexpres·

120 4183 179 4243 site
190 4183 267 4244 aloni
277 4187 370 4245 Lucas
385 4189 477 4253 eolus,
488 4193 566 4264 qnod
576 4194 643 4266 etue
659 4194 819 4252 auriculam
831 4197 973 4257 Dominus

120 4274 259 4351 tedgerit,
274 4281 303 4336 et
325 4283 474 4340 eenererit
497 4299 564 4341 eom
588 4286 820 4362 (tec.xr11,5l).
840 4288 971 4346 linichna

120 4369 218 4423 antem
233 4366 441 4442 interpretatur
455 4372 649 4445 llegneturus.
662 4375 738 4442 Quid
748 4392 816 4450 ergo
827 4378 905 4435 auris
920 4396 971 4451 pro

118 4454 242 4515 Ilomioo
257 4463 410 4532 amputate
424 4465 453 4520 et
468 4480 484 4520 e
498 4464 620 4524 Domino
634 4469 734 4524 sanata
748 4467 902 4540 signiilcnt,
913 4468 970 4526 nisi

117 4544 251 4604 auditam
275 4553 426 4623 amputate
440 4556 581 4612 vetustata
595 4561 818 4626 renovatum,ut
832 4559 869 4615 sit
878 4559 908 4616 io
921 4575 971 4617 no·

116 4632 204 4693 vitate
223 4635 354 4709 spiritus,
371 4644 400 4697 et
414 4656 472 4699 non
487 4642 517 4700 in
532 4648 676 4703 rotostete
698 4646 801 4704 littere
815 4650 901 4721 (dom.
918 4668 968 4724 vn,

114 4721 161 4794 et?
173 4722 256 4789 Quod
271 4726 318 4783 cui
333 4729 496 4800 prestitum
512 4732 600 4791 luerit
614 4736 762 4807 erristo,
774 4738 840 4810 quis
855 4740 970 4798 dubitet

114 4814 304 4883 regnaturum
324 4829 388 4872 essa
412 4831 479 4874 oum
504 4818 643 4878 Gbriato‘l
658 4825 740 4889 Quod
756 4828 851 4883 eutem
867 4842 969 4883 servus

113 4897 252 4963 inventae
266 4904 322 4970 eet,
332 4908 361 4962 et
374 4903 428 4962 boo
442 4907 478 4965 ad
493 4907 573 4965 illem
589 4912 713 4984 pertinet
723 4916 893 4971 vetustatem
908 4933 968 4988 qam

112 4987 333 5051 insanitatem
347 4999 476 5068 generat,
495 4999 573 5071 quod
590 5003 635 5056 est
650 5000 725 5073 Ager
738 5002 839 5073 (Galat.
857 5021 894 5076 ιν,
909 5006 966 5077 24).

113 5078 171 5138 Sed
185 5095 255 5140 cam
270 5086 393 5143 acceselt
406 5086 530 5158 sanitas,
546 5088 670 5163 figurato
680 5094 724 5148 cat
735 5096 763 5150 et
774 5092 903 5154 libertas.
914 5096 967 5153 Fo-

1026 4016 1172 4073 consitium
1194 4016 1269 4073 dedit
1293 4018 1403 4087 linteis,
1420 4019 1493 4088 Quia
1516 4019 1625 4090 expedit
1639 4035 1727 4075 unam
1742 4019 1884 4077 bominem

1026 4105 1099 4163 mori
1112 4124 1163 4179 pro
1177 4108 1288 4180 popiola.
1301 4108 1402 4165 llarito
1421 4114 1449 4166 et
1469 4108 1621 4165 Mattheus
1637 4124 1706 4166 oum
1720 4109 1750 4165 id
1766 4110 1882 4166 breuius

1026 4210 1145 4251 narrare
1168 4195 1318 4262 voluisset,
1334 4212 1401 4253 eum
1428 4198 1462 4253 ad
1480 4198 1618 4270 Coipbam
1640 4198 1764 4255 ductum
1790 4198 1883 4255 luisse

1026 4285 1346 4358 commemorot(linttb.
1356 4288 1494 4360 xrvr‚57);
1507 4288 1662 4360 quie,etod
1674 4295 1790 4344 eonem
1800 4287 1881 4361 prius

1025 4374 1090 4432 ideo
1106 4375 1212 4433 ductas
1233 4381 1289 4438 cst,
1306 4379 1382 4449 quod
1399 4393 1483 4436 socer
1496 4381 1561 4451 ejus
1575 4379 1662 4436 tuerit
1678 4394 1686 4436 c
1703 4378 1754 4435 ubi
1770 4376 1877 4434 intelli·

1024 4466 1153 4537 gendum
1164 4474 1207 4523 eat
1221 4466 1276 4524 hoc
1292 4469 1427 4526 eumdem
1442 4470 1583 4542 Ceipbem
1599 4469 1660 4527 fieri
1684 4469 1822 4524 voluisse.

1058 4556 1087 4611 2.
1112 4556 1283 4628 Sequebatur
1305 4562 1408 4627 autem,
1425 4558 1530 4633 inquit,
1545 4561 1636 4617 iesum
1651 4559 1752 4615 Simon
1767 4558 1879 4627 Petrus,

1023 4655 1050 4703 et
1064 4646 1137 4701 nlius
1158 4647 1320 4718 discipulus.
1337 4648 1478 4713 Quianam
1494 4649 1547 4705 istc
1571 4649 1609 4706 sit
1629 4647 1805 4722 discipulus,
1823 4664 1878 4703 non

1023 4740 1129 4794 temere
1153 4738 1359 4795 olfirmandunr
1375 4744 1429 4807 cet,
1445 4740 1514 4812 quia
1530 4743 1652 4797 tacetur.
1673 4738 1756 4795 Solet
1779 4742 1878 4795 autam

1023 4826 1145 4884 aeidum
1161 4826 1287 4885 loannes
1310 4829 1349 4884 itn
1372 4830 1545 4901 significare,
1564 4838 1589 4887 et
1605 4830 1724 4898 addere,
1741 4843 1823 4903 quem
1841 4828 1880 4883 di·

1023 4917 1125 4988 lipebot
1138 4920 1322 4989 1ιιιιιιωοιιιι.
1341 4937 1403 4986 ιιιιι,
1417 4923 1463 4990 23,
1474 4927 1503 4978 et
1512 4939 1570 4989 ιιι,
1584 4922 1642 4991 26).
1651 4920 1795 4977 Fortassis
1810 4935 1879 4993 argo

1021 5015 1049 5064 et
1066 5008 1112 5066 bic
1127 5008 1189 5081 ipse
1204 5012 1249 5066 est
1264 5010 1417 5083 :quisquis
1432 5016 1532 5068 temen
1548 5012 1596 5082 sit,
1612 5010 1765 5084 sequentia
1778 5011 1880 5069 videa·

1021 5115 1098 5157 mna.
1116 5121 1131 5151 ι
1146 5099 1313 5173 Discipulos
1328 5105 1425 5158 eutero
1444 5102 1505 5175 ilie,
1521 5126 1536 5154 o
1552 5102 1659 5176 inquit,
1674 5124 1689 5154 ιι
1708 5106 1771 5160 erat
1790 5106 1880 5159 notos

113 5170 193 5227 ctum
206 5173 300 5230 umen
324 5174 401 5233 Petri
424 5175 566 5237 Dominus
589 5179 774 5251 improbarit,
791 5187 821 5240 et
835 5187 966 5258 progredi
1022 5188 1159 5261 pontiflci,
1176 5194 1204 5247 et
1219 5189 1353 5248 introivit
1367 5208 1432 5249 cum
1449 5192 1518 5250 leon
1538 5192 1569 5251 in
1584 5192 1692 5250 atrium
1706 5191 1855 5264 pontilicis
1869 5206 1878 5250 c

115 5255 193 5314 altre
207 5262 357 5332 probibuit
367 5266 467 5324 diceas
478 5286 486 5325 t
497 5268 573 5327 llitte
587 5271 757 5344 plodinme'n
767 5276 904 5347 cupieram.
918 5279 967 5334 do·
1020 5279 1121 5337 Patrne
1137 5283 1234 5337 aalma
1248 5280 1345 5336 stabat
1357 5282 1392 5338 ed
1411 5282 1521 5340 ostium
1534 5282 1614 5340 ioris.
1626 5282 1702 5339 llxiit
1718 5298 1787 5355 ergo
1802 5280 1880 5340 alius

115 5344 197 5403 licem
210 5364 290 5421 quem
304 5352 368 5410 dedi
382 5356 463 5415 mitit
476 5362 571 5430 Pater,
582 5376 637 5419 eron
649 5363 738 5419 bitum
753 5363 853 5421 ittam?
868 5365 901 5425 ln
913 5384 966 5426 suo
1021 5368 1183 5442 discipulus
1199 5372 1248 5443 qni
1263 5375 1419 5429 crutnotus
1430 5373 1572 5447 pontilici,
1584 5378 1613 5431 et
1626 5373 1700 5430 dixit
1709 5373 1839 5431 ostiarie
1849 5376 1879 5430 et

148 5474 156 5510 ι
171 5470 290 5528 quom„
305 5479 423 5592 pam„
443 5483 472 5536 ᾗ,
488 5486 584 5540 cmm
598 5489 661 5555 tegit
677 5490 728 5551 bic,
744 5492 863 5546 immicos
879 5494 965 5562 Me„
1021 5458 1184 5517 introduxit
1199 5463 1325 5518 Petrum.
1343 5462 1418 5520 Dicit
1433 5479 1500 5537 ergo
1515 5463 1599 5521 Petro
1609 5463 1717 5521 ancille
1729 5464 1879 5523 ostiarie:

114 5546 164 5587 nee
178 5535 323 5591 admodum
348 5548 508 5599 noonotnoe.
542 5553 576 5601 n.
1020 5547 1169 5620 Numquid
1185 5553 1214 5605 at
1229 5556 1256 5605 tu
1274 5566 1308 5607 ex
1323 5550 1475 5623 discipulis
1487 5568 1518 5610 ea
1533 5550 1662 5610 bominis
1676 5550 1786 5611 letius?
1799 5550 1870 5610 Dici
