3952 6150
72 248 75 253 '
127 259 206 325 lero
610 259 649 318 in
672 257 838 320 toronis
861 252 1124 328 evincuntur,
1150 255 1183 318 s.
1207 255 1418 319 nunusrnn
1820 264 1903 328 erno

127 398 237 472 aliquid
246 402 300 468 est,
310 396 404 469 gaude
416 393 651 467 quiaoredidlsti,
663 391 779 449 seducti
790 391 902 448 extolli:
917 388 987 461 quid
1042 390 1178 460 operibus
1195 392 1262 460 Dei;
1278 391 1322 448 sic
1337 393 1436 447 contra
1450 394 1526 448 Dauo
1541 392 1615 450 bena
1630 393 1722 451 utitur
1737 396 1822 454 melis
1833 415 1902 471 ope-

129 489 207 545 enim
223 488 314 543 habes
330 487 407 559 quod
423 501 479 541 non
496 483 632 554 accepisti
643 484 666 552 (l
680 484 741 539 Gor.
758 499 795 550 ιε,
810 482 839 550 7)
855 480 869 535 i
1041 478 1122 535 ribus
1138 479 1584 553 bominumiuiquorum.0uam
1595 483 1704 541 bouum
1715 491 1758 541 εει
1767 491 1902 547 membra

163 578 190 634 8.
207 578 249 633 Dc
263 582 313 634 noc
333 575 625 644 muttidiece'putorum
640 574 699 643 ejus
720 571 939 639 alterutrumne,
958 571 985 623 et
1041 570 1171 641 corporis
1190 571 1230 627 ite
1249 587 1324 640 sese,
1341 571 1590 644 quemadmodum
1615 574 1733 647 disponi
1755 595 1812 634 nou
1830 597 1897 651 poe·

124 668 249 740 jamnon
260 681 321 721 cuns
334 661 757 721 illocmbulucerunt.Abierant
768 663 850 728 retro,
860 659 912 715 sed
923 668 988 729 post
1042 662 1113 714 aunt
1128 660 1185 716 nist
1205 659 1240 717 eb
1265 660 1376 718 artillce
1401 660 1484 718 Deol
1508 660 1671 720 Petulantia
1688 670 1784 724 temen
1810 686 1901 741 quem

128 758 277 823 Salonem,
293 772 350 812 non
366 759 434 825 post
447 754 606 810 Christum.
631 753 704 808 Nem
721 749 877 822 eliquendo
892 748 987 805 Domi·
1043 747 1581 823 melentitnrooulis‘lFallacisquem
1596 753 1904 830 melentiturlingual

130 862 186 903 nne
200 845 334 902 Christus
350 840 642 914 Petrum·nppellavit
652 841 801 901 Selenem,
811 836 904 911 megls
919 838 988 910 quis
1042 835 1146 893 Falsus
1163 839 1351 895 teatisnonno
1362 838 1562 912 liuguasuest
1579 843 1709 901 animem
1721 862 1805 903 suem
1818 850 1862 920 pri
1868 864 1905 905 us

128 935 242 992 rolebel
257 934 418 1006 precedere
431 932 692 998 Dominumsuum,
704 932 733 986 et
747 927 902 985 consilinm
918 928 988 985 dere
1040 926 1177 997 trucidat,
1202 932 1231 984 et
1255 928 1376 985 elterum
1401 927 1505 986 leaders
1530 946 1562 987 se
1577 939 1727 1007 peramplo
1749 941 1902 995 conetur?

128 1040 166 1081 ne
182 1031 340 1080 mereretur
354 1022 413 1089 illo,
430 1021 479 1092 qui
495 1025 612 1076 venerat
629 1025 660 1074 nt
681 1023 852 1088 moreretur,
876 1034 911 1073 ne
937 1034 988 1074 nos
1043 1014 1117 1072 Male
1133 1019 1226 1072 utitur
1240 1016 1350 1089 lingue,
1368 1035 1419 1075 nec
1430 1020 1495 1076 ideo
1510 1019 1619 1077 melum
1635 1024 1809 1096 erilingun:
1826 1045 1903 1102 opus

127 1115 158 1170 iu
174 1119 314 1169 eternum
330 1126 512 1168 moreremur
528 1117 573 1178 ;st
588 1110 629 1165 ait
644 1107 685 1164 illl
703 1124 709 1163 :
726 1107 791 1164 Redi
803 1114 863 1180 poet
876 1123 920 1163 rne
935 1108 987 1165 Sn-
1043 1103 1091 1159 Dei
1115 1108 1160 1160 εει
1173 1103 1283 1178 lingue,
1308 1108 1358 1163 sed
1385 1109 1460 1163 bono
1481 1124 1567 1180 opere
1582 1109 1633 1167 Dei
1656 1112 1730 1169 mals
1746 1118 1837 1173 utitur
1851 1118 1903 1176 ills

128 1210 207 1259 tonus
221 1220 232 1270 ,·
246 1200 385 1258 nonenim
403 1202 477 1273 sapie
492 1213 555 1272 pum
573 1199 621 1255 Dei
634 1201 709 1266 euni,
724 1197 770 1253 red
791 1213 851 1269 pne
867 1197 987 1255 bominis
1043 1193 1184 1262 nequitia.
1201 1193 1350 1257 Quomodo
1375 1200 1498 1253 utuntur
1514 1198 1636 1267 pedibus
1653 1202 1703 1273 qui
1725 1213 1849 1261 currunt
1863 1208 1900 1263 nd

128 1298 193 1348 sunl
206 1292 311 1363 (Metili.
329 1307 387 1359 rvr,
402 1291 459 1362 23).
479 1289 540 1347 Nou
557 1286 641 1343 illum
658 1287 765 1358 repulit
780 1297 855 1343 retro
869 1287 911 1343 ire
923 1295 988 1360 post
1041 1281 1175 1338 tidelm?
1198 1286 1345 1354 quomodo
1370 1288 1493 1342 utuntur
1521 1289 1658 1346 menibus
1682 1292 1858 1351 bomieidaet
1872 1291 1903 1354 et

128 1381 279 1448 Seteuem,
290 1385 320 1437 et
330 1379 486 1451 appellarit
497 1379 634 1435 Satsnsm
647 1392 655 1444 ;
669 1376 720 1432 sed
736 1378 803 1432 fecit
817 1382 882 1448 post
892 1392 924 1433 se
934 1378 986 1444 ire,
1042 1372 1101 1428 illis
1112 1374 1314 1444 adjacentibus
1328 1377 1490 1434 lorinsecus
1503 1380 1735 1440 bonisorsaturis
1755 1387 1803 1442 Dei
1812 1405 1901 1460 quem

130 1479 163 1528 ut
178 1488 235 1528 non
251 1474 328 1528 esset
343 1470 467 1526 Satanas
481 1466 659 1524 ambulando
678 1473 742 1537 post
756 1465 925 1523 Dominum.
938 1464 986 1522 Isti
1042 1463 1118 1519 mele
1134 1469 1257 1520 utuntur
1271 1467 1338 1522 meli
1354 1465 1368 1521 l
1382 1469 1460 1524 lluro
1466 1469 1579 1538 judicie
1594 1480 1797 1547 corrumpunt,
1814 1479 1901 1537 inno·

129 1560 278 1619 autsmsic
289 1561 436 1616 redierunt
447 1563 533 1626 retro,
548 1554 736 1628 quornodode
750 1554 928 1626 quibusdem
940 1556 986 1611 le·
1040 1557 1140 1609 oentes
1151 1553 1334 1625 opprimunt.
1345 1555 1422 1613 Luce
1434 1558 1490 1615 iste
1500 1561 1569 1616 meli
1584 1561 1659 1618 mele
1670 1568 1793 1623 utuntur
1804 1585 1811 1623 :
1824 1569 1902 1626 mele

130 1652 219 1709 minis
234 1651 307 1707 dicit
320 1649 499 1723 Apostolusr
522 1647 654 1713 Decedam
668 1648 744 1702 enim
764 1659 903 1702 converser
923 1652 987 1702 eunt
1040 1641 1164 1698 vivendo
1180 1644 1258 1699 enim
1274 1645 1363 1701 etiam
1378 1645 1472 1718 ipsam
1486 1647 1579 1706 lucem
1596 1668 1654 1723 que
1669 1653 1779 1723 vident,
1795 1658 1832 1712 nd
1848 1659 1902 1715 mi-

129 1746 203 1798 retro
214 1739 444 1813 poetSulonunrss
460 1740 533 1795 Tim.
549 1753 575 1805 v,
593 1735 648 1807 15).
662 1734 779 1791 Uterius
790 1750 856 1790 cum
867 1733 917 1791 illo
928 1752 986 1791 non
1041 1731 1197 1788 nisterium
1213 1734 1356 1791 scelerum
1375 1752 1495 1794 suorum
1517 1751 1669 1811 usurpant.
1691 1745 1756 1801 lens
1772 1748 1852 1804 euim
1868 1755 1901 1808 ut

12 1862 18 1867 -
129 1831 358 1889 ambulaverunt.
385 1830 456 1886 Doce
480 1827 594 1901 precisi
620 1841 770 1896 ecorpore
789 1825 877 1880 vitem
894 1825 986 1897 perdi·
1045 1820 1131 1877 lactat
1145 1821 1256 1894 aliquid
1266 1824 1336 1880 mali
1346 1825 1451 1895 melus,
1468 1827 1564 1885 lucere
1575 1830 1629 1886 sibi
1642 1832 1750 1890 vultne
1760 1835 1899 1904 onerosi,

129 1923 246 1990 derunt,
262 1922 331 1995 quie
347 1922 420 1977 torte
435 1919 466 1976 in
483 1932 601 1990 corpore
618 1932 671 1972 nco
691 1916 816 1972 luerunt.
834 1914 914 1971 Inter
927 1931 985 1971 nou
1040 1910 1090 1982 qui
1104 1911 1167 1981 jem
1184 1911 1265 1967 intus
1280 1912 1436 1970 offenditet
1451 1918 1556 1973 cecidit
1572 1933 1579 1973 ε
1596 1921 1671 1990 quod
1689 1922 1773 1979 timet
1789 1925 1818 1980 in
1835 1943 1901 1983 cor·

128 2013 279 2069 credentes
290 2016 318 2067 et
328 2010 383 2082 ipsi
395 2008 554 2079 deputandi
564 2010 644 2074 sunt,
656 2004 932 2078 quemvisdiscipnli
943 2005 985 2061 di·
1042 2015 1120 2070 pore,
1130 2002 1190 2069 lum
1206 2000 1329 2057 incuti'st
1343 2002 1373 2058 5¹¹
1384 2004 1480 2061 ⁰⁰ld0·
1497 2005 1641 2064 offlsslblffl
1654 2026 1721 2081 218⁰
1736 2013 1822 2070 b⁰¹¹i⁸
1838 2016 1900 2087 Ποῖ,

128 2108 272 2157 curentur.
288 2100 433 2157 Abierant
448 2100 536 2166 retro,
553 2112 611 2151 non
628 2094 722 2167 pauci,
744 2094 794 2150 sed
811 2094 908 2151 multi.
925 2099 985 2150 Hoc
1040 2106 1076 2146 ne
1093 2107 1144 2162 par
1158 2090 1276 2164 singule
1295 2107 1413 2149 currere
1429 2096 1547 2168 longum
1574 2101 1622 2166 sit,
1639 2102 1713 2158 male
1729 2103 1822 2161 utitur
1838 2123 1900 2165 ma·

128 2183 985 2255 lortelaclumestedconsolationem,quouiemsliquendo
1040 2177 1104 2235 lue:
1122 2185 1234 2251 contre,
1265 2182 1351 2239 melis
1376 2182 1529 2241 hominum
1553 2189 1696 2245 melorum
1721 2192 1901 2254 beneutitur

127 2280 269 2352 contingit
281 2282 313 2334 ut
323 2279 400 2334 dicet
414 2276 503 2332 homo
513 2290 624 2343 verum,
636 2278 665 2330 et
675 2274 752 2347 quod
769 2272 849 2340 dicit,
866 2289 924 2330 non
935 2290 983 2330 ca·
1040 2271 1143 2326 bonus.
1161 2275 1195 2326 Et
1210 2271 1280 2343 quid
1295 2278 1355 2329 tem
1371 2273 1478 2331 bonum
1488 2292 1575 2348 qnam
1589 2295 1664 2335 unus
1678 2280 1755 2338 Deus
1768 2283 1783 2339 t
1798 2287 1899 2351 eran·

125 2369 231 2443 piatur,
242 2374 329 2440 etque
345 2367 386 2424 illi
398 2367 447 2439 qni
464 2366 600 2434 audiunt,
610 2363 843 2420 scandalizentur
857 2365 985 2420 etdisce·
1037 2359 1196 2430 {loquidem
1211 2361 1274 2432 ipss
1288 2362 1431 2420 Dominus
1455 2365 1539 2435 dixit,
1558 2369 1639 2426 Neruo
1655 2371 1740 2427 burrus
1755 2374 1810 2429 uiri
1825 2393 1898 2432 unua

125 2459 207 2516 dent.
225 2459 316 2515 Pmnit
330 2461 358 2514 et
378 2462 478 2515 eutem
501 2454 651 2511 bominem
663 2453 772 2510 dixisse
786 2455 860 2525 quod
880 2470 981 2511 verum
1039 2450 1109 2506 Deus
1132 2451 1226 2520 (darc.
1247 2469 1276 2521 x,
1302 2454 1357 2525 18).
1381 2456 1493 2520 Duento
1512 2474 1581 2530 ergo
1605 2459 1654 2516 ille
1678 2464 1790 2534 melior,
1813 2470 1896 2524 tento

126 2553 190 2604 est:
207 2549 278 2604 dicit
292 2547 371 2603 enim
389 2546 465 2618 apud
486 2561 517 2601 se
527 2544 626 2610 bomo,
641 2543 704 2600 Non
719 2544 805 2600 debui
821 2544 864 2600 sio
875 2544 981 2612 dicere,
1038 2540 1141 2597 melius
1157 2543 1287 2598 ulituret
1298 2543 1384 2601 melis
1396 2548 1512 2602 nostris.
1529 2549 1602 2612 Quid
1617 2550 1692 2606 Jnda
1703 2554 1809 2623 pejus?
1821 2555 1898 2614 lnter

124 2654 183 2696 non
198 2638 252 2694 boc
266 2637 361 2694 dicere
376 2635 474 2692 debui.
494 2636 566 2690 Ecce
590 2633 713 2689 Domino
730 2632 874 2704 contigit3
897 2633 979 2706 dixit,
1035 2645 1138 2686 omnen
1152 2631 1331 2689 adhaerentes
1346 2634 1493 2707 Magistro,
1516 2638 1591 2694 inter
1614 2640 1777 2709 duodecim,
1798 2644 1892 2703 loculi

124 2735 153 2784 et
167 2726 294 2799 perdidit
309 2723 428 2792 multos,
442 2724 584 2780 remansit
599 2723 634 2778 ed
651 2738 770 2795 peucos.
785 2722 839 2778 Sed
850 2725 980 2778 nontur-
1034 2715 1075 2772 illi
1092 2720 1242 2777 commissi
1258 2726 1339 2790 suut,
1364 2728 1392 2778 et
1406 2725 1580 2794 dispensatio
1603 2745 1763 2801 pauperum
1786 2733 1889 2790 distri-

123 2815 248 2873 bebetur
262 2815 334 2888 ipse,
350 2813 418 2887 quie
433 2813 469 2869 eb
489 2811 571 2868 initio
588 2819 705 2868 noverat
720 2814 748 2867 et
762 2811 813 2884 qui
828 2812 979 2870 credentes
1035 2806 1103 2862 buin
1118 2824 1125 2864 τ
1141 2808 1270 2881 ingratus
1286 2815 1368 2868 tento
1380 2812 1528 2882 beneficio,
1546 2815 1649 2872 honori
1666 2824 1755 2889 tento,
1773 2823 1891 2895 accepit

44 2972 48 2981 Ι
123 2911 231 2977 sesent,
248 2907 340 2978 etqui
356 2921 414 2961 non
430 2901 978 2975 credentes:coesinobisoontr'ogst,
1035 2896 1199 2967 pecuniam,
1216 2899 1342 2970 perdidit
1362 2901 1531 2972 justitiam:
1557 2905 1678 2962 tradidit
1697 2908 1784 2965 nram
1807 2928 1891 2968 mor.

122 2997 338 3071 perturbemur.
354 2995 497 3053 Soletium
509 2993 538 3049 in
548 2992 672 3050 Domino
687 2991 883 3062 inveniemus,
895 2997 924 3049 et
937 3001 977 3049 te·
1034 2990 1123 3058 iuuit
1140 3005 1226 3060 <1¹¹0OE
1241 2997 1274 3045 ul
1288 2991 1450 3063 discipulus
1461 2999 1590 3063 Sedulus,
1607 3006 1635 3052 ¹¹¹
1647 2999 1782 3057 inimicus
1792 3020 1890 3074 perse·

123 3104 191 3146 meu
206 3086 389 3146 cauteverbe
403 3085 546 3142 dicemus.
1034 3080 1120 3133 cutus
1135 3083 1189 3134 est.
1207 3080 1310 3135 Totum
1331 3081 1385 3136 hnc
1409 3082 1518 3140 melum
1543 3084 1644 3154 indue
1667 3089 1715 3143 esd
1734 3090 1811 3147 melo
1828 3093 1890 3163 ojus

110 3210 127 3253 0
161 3177 189 3234 9.
206 3177 294 3250 bique
316 3175 367 3233 ille
390 3176 426 3231 ed
449 3190 557 3248 paucos
581 3173 630 3245 qui
655 3178 877 3231 remenserant:
902 3166 979 3233 Dixti
1034 3165 1106 3223 boue
1118 3173 1243 3225 usussst
1255 3169 1410 3226 Dominus.
1422 3172 1509 3228 Trndi
1521 3176 1678 3247 sepertulit
1690 3184 1721 3235 ut
1734 3182 1889 3240 redimeret

134 3283 182 3341 rpc
196 3270 274 3326 lesus
287 3266 427 3323 duodecim
435 3282 447 3329 ,·
464 3265 491 3321 id
509 3269 553 3321 εει
563 3263 622 3320 illis
637 3264 791 3320 duodecim
803 3264 852 3337 qni
864 3281 978 3322 remen.
1033 3274 1098 3314 uos.
1113 3260 1186 3315 Ecce
1201 3259 1312 3316 malum
1327 3261 1410 3317 lude
1424 3262 1452 3318 in
1469 3264 1575 3322 bonnm
1588 3278 1823 3329 conversumest.
1839 3273 1891 3330 Sa·

117 3365 219 3418 serunt
235 3375 243 3415 ι
258 3357 395 3430 Numquid
408 3365 434 3414 et
453 3372 510 3427 voe,
527 3354 632 3427 inquit,
655 3353 739 3410 uultis
754 3352 821 3411 ire!
843 3353 906 3411 Non
919 3356 977 3413 die.
1032 3352 1117 3404 leues
1139 3355 1265 3420 quantos
1289 3359 1429 3423 martyres
1449 3359 1617 3423 persecutus
1631 3362 1676 3413 est
1690 3359 1704 3403 ‘l
1719 3359 1749 3415 Si
1764 3361 1891 3419 Selenes

118 3449 208 3506 cessit
231 3463 284 3504 nec
298 3446 403 3502 ludas.
429 3443 485 3501 Sed
500 3458 589 3517 quare
605 3443 749 3510 manebat,
775 3443 897 3500 Domino
912 3445 976 3516 jam
1033 3439 1235 3510 puruequeudo
1249 3444 1388 3508 cessaret,
1404 3442 1490 3497 bodie
1505 3449 1562 3500 tem
1578 3445 1735 3516 gloriosam
1750 3465 1888 3509 coronam

118 3536 295 3610 apparebat;
312 3533 397 3590 nobis
413 3537 514 3604 postea
526 3531 728 3588 manifestetur
742 3533 800 3587 est.
816 3529 978 3604 Respondit
1032 3528 1126 3583 suncti
1151 3528 1296 3585 Laurentii
1313 3545 1370 3586 non
1397 3529 1620 3590 celebraremus.
1647 3536 1676 3592 Si
1696 3552 1764 3610 ergo
1795 3541 1889 3611 ipsius

118 3626 220 3683 Petrus
244 3639 295 3696 pro
317 3622 469 3688 omnibns,
499 3637 576 3677 unns
595 3636 645 3691 pro
668 3620 779 3687 multia,
805 3620 901 3677 unitas
924 3637 976 3692 pro
1032 3616 1140 3674 dieboli
1155 3617 1240 3674 melis
1255 3619 1391 3691 operibus
1407 3619 1480 3676 bans
1502 3622 1595 3679 utitur
1609 3622 1707 3682 Deus:
1727 3629 1803 3699 quod
1821 3631 1890 3689 lecit

117 3712 263 3770 universis
279 3730 286 3768 ε
305 3710 451 3781 Respondit
466 3726 530 3782 erpo
544 3712 570 3766 ei
594 3711 687 3766 Simon
711 3710 828 3765 Petrus:
851 3710 977 3778 Domine,
1033 3706 1138 3778 melus,
1167 3708 1241 3765 male
1265 3709 1382 3779 utendo,
1405 3708 1459 3765 sibi
1485 3717 1587 3780 nocet;
1615 3731 1672 3770 non
1697 3716 1818 3774 bonitati
1835 3719 1886 3776 Dei

118 3799 154 3856 ud
167 3817 247 3873 quem
262 3800 366 3856 ibinrne
380 3806 394 3853 ι
408 3798 536 3870 Repellie
552 3814 605 3855 nos
619 3802 685 3865 ete,
698 3798 735 3854 de
751 3798 835 3855 nobis
850 3798 976 3857 alterum
1032 3796 1215 3854 contradicit.
1239 3797 1348 3853 Artifex
1366 3796 1415 3854 illo
1441 3799 1533 3855 utitur
1548 3818 1556 3866 ;
1581 3805 1609 3856 ει
1633 3819 1758 3875 mugnus
1774 3808 1888 3880 artilex,

119 3893 158 3944 te.
170 3889 215 3945 Ad
230 3904 311 3962 quern
326 3887 428 3944 ibimus
442 3894 456 3941 ι
470 3887 527 3944 sia
542 3891 569 3942 te
581 3887 752 3956 recedimus,
769 3889 804 3944 ed
821 3906 907 3962 quom
921 3888 976 3944 ibi·
1032 3887 1057 3942 sl
1072 3885 1121 3942 illo
1137 3887 1178 3942 uti
1196 3902 1253 3943 non
1267 3892 1374 3956 nosset,
1391 3904 1519 3945 nuceum
1535 3906 1600 3947 esse
1611 3893 1797 3964 permitteret.
1815 3899 1890 3972 Ergo

118 3977 205 4034 must
218 3979 302 4036 l'erbu
312 3979 376 4035 vite
385 3980 501 4034 aeternae
513 3976 604 4033 bobes.
618 3976 718 4033 Videte
729 3979 976 4050 quemadmodum
1031 3992 1102 4032 renus
1117 3976 1237 4034 excolis
1251 3977 1375 4034 diabolus
1385 3983 1437 4045 eet,
1448 3981 1499 4046 eit,
1516 3996 1581 4036 cum
1599 3996 1652 4053 ego
1667 3998 1717 4040 vos
1732 3985 1889 4047 duodecim

120 4066 234 4136 Petrus,
259 4067 348 4124 deute
369 4067 438 4136 Deo,
468 4071 617 4124 recreante
633 4064 745 4138 Spiritu
760 4073 872 4137 sancto,
889 4068 976 4124 inlel-
1031 4065 1179 4137 elegerim.
1196 4070 1293 4122 Potest
1307 4071 1336 4123 et
1359 4066 1402 4122 sic
1426 4067 1552 4140 tntstlgi
1578 4072 1655 4141 quod
1677 4071 1729 4138 sit,
1744 4074 1888 4133 duodecim

119 4154 198 4214 lenit.
214 4155 307 4217 Unde,
324 4154 382 4213 nlsl
398 4154 467 4226 quia
488 4154 640 4211 credidit?
665 4154 757 4212 Verbo
773 4157 841 4213 citer
863 4162 978 4214 seierum
1031 4155 1109 4226 elepi,
1125 4155 1194 4227 quia
1209 4160 1341 4212 secretus
1356 4161 1564 4215 eslnumerus.
1580 4156 1642 4214 Nou
1658 4161 1735 4217 enirn
1753 4165 1825 4234 quie
1840 4181 1892 4238 ps·

119 4245 211 4303 bobes.
227 4245 324 4303 Vitem
340 4245 416 4302 enlm
441 4248 580 4302 oeternum
596 4244 686 4301 babes
709 4243 739 4299 in
764 4244 977 4303 ministratione
1032 4245 1159 4301 riitinda
1175 4260 1259 4313 uuus,
1274 4246 1337 4301 idao
1353 4245 1432 4301 illius
1444 4245 1555 4302 numeri
1571 4247 1662 4304 bonor
1672 4250 1810 4322 demptus
1825 4259 1890 4311 est:

119 4334 249 4410 eorporis
264 4340 293 4394 et
309 4335 460 4408 sauguinis
474 4339 528 4391 lui.
544 4336 575 4392 et
586 4350 634 4392 noe
649 4333 825 4399 credidimus,
841 4338 866 4392 et
876 4350 974 4402 copric-
1032 4350 1099 4391 nem
1115 4335 1145 4390 in
1162 4335 1257 4391 locum
1274 4335 1434 4407 pereuntis,
1450 4334 1527 4391 alins
1538 4335 1711 4409 subrogatus
1727 4344 1773 4397 est
1786 4343 1857 4411 (Aet.
1870 4360 1890 4411 r,

121 4429 221 4485 cincun
237 4427 299 4484 Non
315 4427 518 4500 cognovimus,
531 4432 560 4482 et
574 4426 764 4492 credidimus,
780 4426 830 4482 sed
852 4426 977 4482 credidi·
1031 4425 1087 4496 26).
1110 4425 1217 4480 Mansit
1239 4440 1381 4480 numerus
1404 4431 1601 4492 consecretur,
1618 4443 1759 4486 nurnerus
1779 4432 1889 4489 dnode-

120 4518 430 4587 muncleonnooirnns.
446 4516 631 4573 Credidimus
646 4514 723 4572 enim
741 4519 775 4571 ut
788 4531 976 4589 cognoscere·
1032 4513 1297 4585 neriua3quieper
1320 4515 1489 4570 universnm
1510 4516 1666 4583 mnndum,
1694 4517 1749 4576 boe
1778 4531 1823 4576 est
1839 4538 1892 4594 per

121 4619 212 4661 mus:
233 4622 300 4661 nom
323 4606 347 4662 si
364 4606 445 4678 prius
466 4608 703 4679 cognoscereet
731 4605 837 4662 deinde
861 4606 977 4663 credere
1032 4610 1159 4677 quotuor
1173 4602 1305 4659 cardines
1317 4601 1431 4670 mundi,
1447 4603 1621 4659 Trinitatem
1638 4605 1754 4663 luerent
1776 4625 1891 4668 aunun-

119 4691 275 4764 vetlcmus,
294 4711 347 4751 neo
379 4710 551 4766 cognoscere
578 4709 631 4750 nec
663 4694 779 4751 credere
801 4696 976 4752 celeremus·
1032 4694 1140 4751 tiaturi.
1157 4693 1222 4749 tdeo
1238 4697 1282 4748 tor
1297 4692 1430 4763 quaterni
1446 4695 1467 4747 ¹.
1484 4697 1520 4749 Se
1533 4708 1600 4766 ergo
1618 4697 1889 4758 exterminantiu-

122 4782 196 4848 Ouid
213 4782 403 4852 credidimus,
428 4788 456 4839 et
480 4784 549 4855 quid
571 4782 790 4854 cognovimus?
814 4783 882 4851 Quia
907 4788 937 4840 tu
950 4799 977 4848 es
1031 4784 1094 4854 des,
1112 4799 1168 4840 nou
1185 4782 1395 4839 duodenarium
1415 4797 1570 4839 nnmerum
1597 4783 1715 4842 violavit
1731 4802 1737 4842 :
1755 4788 1820 4861 ipse
1833 4793 1889 4848 de.

122 4873 246 4929 cbrielue
259 4872 348 4928 Filius
362 4874 413 4929 Dei
421 4889 432 4937 ,·
443 4872 472 4927 id
489 4877 544 4938 εει,
570 4871 640 4943 quie
666 4871 729 4943 ipsa
752 4870 809 4928 vite
823 4876 930 4928 eterne
945 4877 976 4928 tu
1031 4874 1121 4930 seruit
1137 4875 1352 4945 preceptorem,
1373 4888 1439 4929 uem
1455 4877 1530 4929 Dens
1553 4872 1594 4928 illi
1618 4875 1754 4946 apposuit
1770 4894 1890 4938 succes-

121 4978 164 5029 es,
180 4965 209 5017 et
224 4977 281 5019 non
293 4961 346 5018 das
361 4960 391 5017 ln
408 4977 494 5018 cerne
509 4965 537 5019 et
548 4960 691 5033 sanguino
706 4963 756 5016 tuo
772 4961 826 5017 nisi
842 4961 919 5034 quod
935 4978 976 5019 es.
1032 4979 1139 5020 soram.

159 5053 202 5109 10.
220 5053 265 5110 lit
280 5068 349 5126 erpo
373 5052 515 5110 Dominus
535 5051 620 5109 Jesue
637 5052 754 5108 :Nonne
776 5068 823 5122 epo
846 5067 893 5108 coe
906 5050 979 5109 duo-
1068 5053 1110 5107 lt.
1128 5052 1187 5108 Hoc
1202 5055 1296 5108 totum
1312 5055 1388 5123 quod
1408 5050 1550 5108 Dominus
1564 5050 1599 5107 de
1615 5069 1701 5110 cerne
1719 5063 1746 5111 et
1763 5057 1800 5114 de
1817 5075 1890 5118 san·

122 5144 211 5199 decim
225 5144 308 5215 slepi,
323 5150 435 5200 elanus
449 5143 568 5200 excubie
587 5142 711 5200 diodolus
730 5144 794 5197 est?
819 5142 904 5214 Ergo,
929 5143 978 5200 tin·
1009 5164 1013 5227 g
1032 5143 1120 5216 guine
1135 5159 1189 5199 suo
1204 5142 1383 5210 locutusest,
1400 5145 1428 5198 ot
1443 5142 1519 5214 quod
1536 5141 1565 5197 in
1587 5143 1651 5214 ejus
1674 5144 1894 5208 distributionis

123 5234 295 5309 decimelepi
327 5237 459 5296 diceret:
483 5254 518 5293 en
547 5235 664 5309 eligitur
686 5239 715 5291 et
738 5233 884 5301 diabolus,
904 5234 977 5292 etin
1007 5232 1227 5313 {gretiauitem
1248 5231 1332 5288 uobis
1356 5230 1490 5303 promisit
1506 5239 1654 5300 eternum,
1677 5238 1706 5289 et
1725 5238 1804 5306 quod
1821 5239 1892 5300 bino

125 5321 224 5380 electis
239 5330 282 5382 est
305 5327 441 5385 diabolus
454 5327 468 5383 l
483 5327 569 5384 Dlecli
585 5327 614 5382 in
639 5326 723 5383 leudo
737 5324 833 5382 solent
847 5323 906 5381 diei
922 5341 976 5381 :en
1004 5320 1010 5389 l
1031 5320 1256 5393 voluitlntelligi
1279 5322 1503 5377 manducatores
1521 5327 1549 5377 et
1573 5323 1717 5392 potatores
1741 5327 1841 5384 cernis
1860 5335 1891 5387 et

125 5409 235 5468 electus
257 5417 302 5469 est
314 5420 341 5470 et
355 5416 421 5484 iste,
437 5417 473 5473 de
488 5435 545 5490 quo
562 5417 678 5474 nolente
697 5420 726 5472 ct
749 5415 897 5472 nesciente
917 5430 977 5472 me·
1001 5392 1008 5487 l
1031 5411 1184 5484 sanguinis
1199 5410 1255 5478 sui,
1281 5409 1357 5465 utin
1383 5408 1432 5465 illo
1453 5412 1589 5465 menceut
1603 5415 1632 5465 et
1651 5408 1756 5483 ipsein
1771 5413 1843 5488 illis,
1858 5424 1889 5478 et

22 5566 27 5575 .
126 5498 812 5577 grumeliquidboninererrltooestproprtnm
826 5496 1008 5572 Dei;cou·¹·
1061 5538 1154 5590 ,Edit-l

1168 5539 1309 5603 hactenus,
1324 5535 1385 5586 Ideo
1408 5543 1433 5584 et
1448 5535 1580 5599 quaterni,
1600 5535 1778 5588 emendentur
1792 5539 1837 5591 bio
1851 5544 1884 5594 ed

126 5591 249 5648 trerium
260 5590 553 5664 iniquissieutenim
565 5596 659 5670 iniqui
672 5597 747 5653 mals
758 5600 881 5655 utuntur
891 5597 975 5655 bonis
1030 5601 1083 5654 ttae
