3952 6150
66 182 145 285 suar
647 188 882 255 ublcld'l'tls
902 191 1003 255 cxlii.
1025 191 1156 260 capul·
1177 199 1242 265 xx.
1744 219 1827 285 itta

64 322 140 394 boni,
158 324 216 382 nisi
227 323 296 398 quie
307 328 376 382 tunc
387 340 527 382 conversa
541 340 672 399 corpore,
684 327 762 401 quod
775 343 833 385 non
847 332 918 397 erat,
974 335 1105 391 nostrum
1122 353 1130 394 ι
1146 352 1214 411 ergo
1229 346 1257 397 et
1275 340 1323 399 bic
1346 343 1431 402 aliter
1451 362 1561 418 meum,
1576 352 1659 412 eliter
1673 362 1822 432 vestrum

63 413 189 490 putarit,
207 432 283 474 nune
299 415 385 474 corde
399 430 548 485 conversa,
564 416 641 489 quod
656 421 719 474 erat
734 418 871 492 agnovit?
973 419 1065 480 Deum
1085 440 1185 483 meum
1200 429 1326 503 subque
1350 438 1378 493 et
1395 452 1446 509 ogo
1469 436 1557 499 homo
1577 458 1653 513 sum,
1669 445 1760 506 nsum
1775 467 1823 510 ve.

100 505 128 563 3.
146 527 160 556 ιι
176 505 252 563 Dicit
265 505 291 563 ei
306 506 388 562 lesus
399 521 407 562 ι
419 504 484 562 Noli
497 522 543 562 me
554 511 681 578 tangere,
693 509 823 564 nondum
839 509 918 566 enim
972 516 1065 573 strum
1080 516 1156 575 inter
1170 536 1244 593 quos
1259 527 1287 580 et
1301 523 1398 597 ipsum
1415 528 1556 588 mediator
1569 548 1647 592 sum.

63 594 181 651 ascendi
204 594 242 653 ad
262 595 376 651 Putrem
405 610 521 652 meum:
538 597 607 653 rede
631 600 728 653 autem
752 599 788 654 ed
814 598 917 657 tratres
1007 603 1034 662 l.
1045 625 1061 656 n
1072 605 1158 665 Venit
1172 609 1264 671 Maria
1280 614 1449 689 ldugdelene
1464 625 1644 685 annuntians
1659 627 1824 705 discipulis,

64 704 156 755 meos,
167 693 196 746 et
210 687 321 757 diesis,
332 688 465 745 Ascendo
479 690 515 746 ad
532 689 647 745 Patrem
659 704 755 746 meum
766 699 792 747 et
803 690 917 748 Patrem
972 693 1045 761 Quia
1060 695 1117 752 ridi
1140 697 1310 773 Dominum,
1327 709 1355 762 et
1378 706 1439 764 heae
1462 710 1536 767 dixit
1559 714 1642 772 mibi.
1660 717 1732 776 uum
1747 724 1825 779 mss

62 785 205 851 vestrum,
221 778 314 835 Deum
329 793 428 835 meum
444 782 473 835 et
487 777 578 834 Deum
592 785 733 837 vestrum.
744 799 759 830 u
771 779 860 836 listin
871 779 918 837 bis
971 796 1041 855 ergo
1056 800 1120 842 sero
1135 787 1183 844 die
1207 789 1255 847 illa
1279 807 1336 850 una
1358 795 1560 869 sabbatorum,
1576 809 1603 860 et
1625 804 1701 864 furas
1724 813 1824 867 essens

60 868 160 926 verbis
185 869 263 942 quod
288 867 414 925 breviter
436 868 566 938 quidem,
589 867 641 926 sed
664 872 763 925 tamen
776 870 916 928 attentius
971 870 1146 943 ciausae‚ubi
1161 883 1245 936 arant
1259 880 1397 955 discipuli
1408 891 1574 962 congregati
1586 897 1701 966 propter
1711 901 1822 956 mrum

61 962 240 1033 pertractare
263 958 411 1015 debemus.
440 957 525 1016 iesus
548 958 655 1031 quippe
678 958 916 1032 mulieremque
969 960 1149 1033 iudeorum,
1164 968 1243 1024 veuit
1265 970 1363 1042 iesus,
1379 982 1407 1031 et
1429 976 1510 1035 stetit
1533 977 1563 1037 in
1587 983 1693 1052 medio,
1708 990 1738 1043 et
1752 987 1823 1047 dicit

60 1047 148 1105 illum
174 1049 348 1122 magistrum
371 1048 490 1121 agnovit
504 1056 532 1104 et
548 1047 713 1122 appellarit,
729 1064 796 1108 eum
813 1050 874 1107 haec
889 1051 916 1109 ei
970 1051 1013 1109 ais
1029 1070 1035 1109 :
1053 1054 1110 1111 Pax
1134 1058 1225 1115 vobis.
1245 1061 1279 1117 Et
1300 1078 1366 1119 cnm
1393 1064 1446 1123 boe
1470 1067 1602 1140 dixisset,
1627 1076 1756 1134 ostendit
1779 1077 1821 1136 eis

60 1142 262 1213 responderet,
287 1140 372 1197 iidem
397 1139 520 1197 docebat
539 1156 548 1198 r
569 1147 597 1198 ct
618 1140 789 1199 hortulanus
813 1141 861 1199 ilie
884 1142 915 1199 in
971 1158 1078 1201 manus
1093 1149 1121 1201 ιι
1135 1144 1221 1206 letus.
1237 1171 1252 1200 ι
1266 1151 1346 1209 Clavi
1361 1155 1439 1213 enim
1456 1173 1561 1216 manus
1576 1161 1822 1234 incentionem

60 1232 130 1304 ejus
145 1231 239 1300 corde,
256 1235 397 1303 tanquam
418 1230 448 1287 in
474 1230 554 1287 horto
578 1246 632 1287 suo
656 1247 780 1304 granum
805 1232 915 1305 sinapis
970 1232 1046 1291 letus
1062 1236 1126 1307 ejus
1141 1245 1295 1310 aperuerat
1310 1259 1317 1298 :
1334 1243 1383 1300 ubi
1404 1246 1439 1301 ed
1456 1247 1652 1309 dubitantium
1669 1256 1756 1313 corde
1770 1273 1820 1315 se·

59 1322 236 1380 seminabat.
252 1322 326 1390 Quid
351 1325 395 1378 est
418 1336 498 1393 ergo,
513 1321 576 1378 Noli
595 1338 637 1378 me
653 1325 786 1393 torperet
801 1323 833 1380 iit
849 1330 914 1382 ten·
971 1326 1078 1391 nenda,
1094 1327 1246 1385 vulnerum
1271 1336 1341 1388 sunt
1364 1339 1475 1393 serrata
1486 1340 1617 1414 vestigia.
1633 1343 1702 1401 Moli
1722 1350 1819 1405 sstsm

60 1429 152 1485 quum
165 1412 251 1484 hujus
262 1410 760 1486 prohibitionisceusaquereretur,
770 1414 914 1485 adjunxit,
969 1414 1098 1486 corporis
1112 1415 1161 1471 ubi
1177 1417 1312 1477 divinitas
1327 1426 1398 1494 erat,
1414 1425 1489 1483 ustie
1503 1425 1603 1486 olause
1623 1448 1681 1489 non
1697 1436 1821 1494 obstite-

58 1503 183 1561 noudum
197 1504 272 1560 eninr
286 1501 395 1558 arcendi
408 1501 443 1558 od
459 1506 570 1559 Patrem
584 1518 684 1559 meum.
697 1502 771 1569 Quid
787 1508 831 1560 ιιι
844 1503 915 1562 boc‘l
969 1506 1045 1562 runt.
1063 1502 1113 1560 lile
1129 1507 1237 1581 quippe
1252 1524 1309 1566 non
1325 1511 1368 1569 eis
1383 1513 1491 1587 apertis
1510 1515 1620 1576 intrare
1642 1523 1746 1595 putuit,
1761 1541 1820 1598 quo

59 1595 89 1651 Si
106 1599 189 1651 stans
205 1594 234 1649 in
251 1598 326 1649 terre
348 1608 405 1650 uon
424 1592 566 1665 tangitur,
580 1593 685 1651 sedena
702 1593 732 1650 in
753 1592 825 1650 nmio
841 1610 915 1667 quo·
968 1600 1103 1650 nascente
1114 1594 1267 1668 virginites
1283 1601 1385 1658 metris
1396 1603 1535 1661 inviolate
1550 1611 1823 1680 permansitdcviei

58 1686 148 1743 modo
163 1685 199 1741 ab
216 1684 383 1742 bominibus
400 1684 651 1757 tangereturtQui
667 1688 743 1743 certe
758 1689 913 1759 antequem
967 1692 1029 1741 sunt
1043 1700 1106 1757 erpo
1120 1685 1328 1760 diminutivus
1344 1692 1467 1752 Domino.
1480 1696 1559 1754 Dixit
1569 1714 1633 1770 erpo
1647 1703 1687 1760 eis
1701 1706 1824 1766 iterum:

58 1777 238 1845 ascenderet,
254 1774 408 1848 discipulis
423 1777 647 1848 seiungendum
669 1776 776 1834 obtulit
799 1778 912 1846 dicens,
968 1778 1029 1830 Pus
1051 1775 1138 1831 uobis.
1155 1775 1270 1834 iteratio
1293 1782 1476 1841 confirmatio
1491 1791 1552 1857 est;
1569 1788 1631 1862 ipse
1647 1792 1755 1867 quippo
1770 1796 1821 1854 dat

57 1866 133 1923 sicut
157 1869 249 1923 Lucas
273 1865 449 1939 evangelista
471 1870 603 1935 testatur,
628 1867 754 1939 Putpnte,
768 1871 795 1924 et
816 1866 912 1936 uidete,
967 1879 1018 1936 per
1032 1865 1204 1937 prophetam
1221 1870 1394 1939 promissam
1411 1890 1510 1946 parem
1527 1894 1613 1951 super
1628 1898 1726 1954 pacem
1738 1886 1818 1956 (irai.

56 1954 126 2028 quin
141 1954 258 2026 spiritua
272 1959 420 2011 seruasset
431 1970 493 2011 osec
506 1969 561 2010 nou
576 1954 666 2024 babet,
677 1956 748 2011 sieut
762 1972 805 2011 me
816 1957 913 2014 vicetir
966 1971 1043 2023 arur,
1052 1956 1091 2025 31.
1103 1955 1179 2013 Sicut
1192 1960 1267 2015 misit
1281 1977 1326 2018 me
1338 1963 1432 2034 Pater,
1446 1965 1551 2039 inquit,
1563 1977 1589 2027 et
1602 1987 1653 2042 eqo
1667 1972 1746 2031 mitto
1762 1991 1818 2035 ros.

57 2045 575 2119 bebere(tuc.xxrv‚39):velqunndo
591 2045 662 2102 dixit
678 2045 821 2118 discipulo
836 2048 911 2106 Tho·
965 2045 1115 2116 AEquelem
1133 2046 1207 2105 i’atri
1224 2051 1329 2109 Filium
1353 2054 1496 2123 novimus,
1510 2058 1562 2117 sed
1587 2061 1634 2118 bic
1648 2066 1735 2122 verbe
1756 2065 1819 2125 Me·
1931 2042 1939 2057 ’

57 2152 125 2206 msc,
141 2138 219 2207 inser
232 2136 350 2208 stipitum
362 2139 442 2192 tuum
456 2137 518 2203 bur,
534 2141 560 2192 et
579 2136 641 2192 ride
664 2152 763 2192 marrus
785 2154 869 2208 meur,
885 2147 910 2195 et
965 2133 1086 2193 diutoris
1100 2139 1296 2210 agnoscimus.
1313 2141 1441 2201 bladium
1458 2145 1567 2220 quippe
1581 2164 1612 2206 se
1626 2154 1755 2211 ostendit
1767 2154 1816 2214 di·

55 2228 130 2300 offer
144 2243 257 2285 murrum
269 2233 357 2296 tunm,
370 2233 397 2284 ιι
410 2228 488 2283 mitte
499 2225 528 2282 in
539 2225 611 2283 intua
622 2241 723 2283 meum.
736 2226 911 2295 Quisautem
966 2225 1068 2293 cando,
1085 2225 1137 2283 ilia
1153 2243 1210 2298 me,
1226 2234 1255 2286 et
1270 2246 1321 2301 ego
1336 2248 1395 2291 ιιι.
1415 2235 1473 2291 iios
1493 2251 1557 2294 cum
1579 2238 1710 2312 dixisset,
1726 2244 1820 2319 inares-

57 2322 121 2375 tam
135 2318 171 2373 sit
187 2317 346 2384 absurdus,
362 2322 394 2374 ut
409 2318 487 2374 dicat
502 2333 569 2373 euru
585 2334 602 2373 ι
616 2316 770 2390 discipulis
792 2320 910 2390 quidem
965 2315 1053 2385 tinuit,
1069 2321 1097 2371 et
1108 2316 1180 2374 dixit
1195 2320 1256 2376 eis:
1272 2321 1394 2393 Accipite
1411 2323 1548 2396 Spiritum
1563 2338 1699 2387 enectum.
1716 2332 1818 2391 lusui-

57 2412 218 2482 sntequsm
234 2409 268 2464 ad
285 2408 398 2465 Patrem
422 2409 615 2479 ascendisset,
629 2408 755 2466 voluisse
768 2426 800 2466 ss
813 2411 911 2485 tangi3
966 2401 1063 2459 flando
1074 2403 1397 2481 significavitspiritum
1408 2419 1543 2471 sanctum
1553 2430 1611 2474 lion
1622 2417 1816 2480 Petrissolius

56 2496 261 2554 emullaribus
272 2501 369 2554 eutem
383 2496 522 2565 uoluisse,
535 2498 592 2555 nisi
603 2513 667 2555 cum
680 2499 860 2556 ascendisset
874 2500 910 2556 ad
965 2507 1028 2549 etse
1047 2494 1201 2567 Spiritum,
1216 2498 1267 2554 sed
1282 2503 1311 2555 et
1325 2516 1422 2558 suum.
1439 2504 1561 2574 Quorum
1581 2508 1756 2577 remiseritis,
1770 2512 1818 2570 in·

58 2586 193 2642 Patroni
209 2587 263 2643 Sed
282 2602 336 2643 uec
352 2587 404 2657 sic,
421 2587 470 2659 qui
486 2585 581 2653 vellet,
598 2587 729 2659 desipere
754 2587 911 2646 sineretur.
966 2582 1039 2654 quit,
1053 2593 1173 2656 percolo,
1189 2588 1371 2644 remittuntur
1384 2592 1443 2663 etas
1457 2600 1484 2649 et
1502 2609 1614 2667 quorum
1634 2601 1817 2669 retinueritis,

58 2676 208 2749 [reguntur
231 2677 309 2734 enim
335 2675 422 2733 etiam
448 2676 561 2733 lomina
581 2681 648 2749 post
667 2678 911 2736 resurrectionem
966 2675 1160 2732 retentarunt·
1177 2675 1311 2734 Ecclesia
1327 2680 1821 2760 cheritmquepersplritnmsen·

58 2772 214 2840 antequam
226 2767 263 2823 ιιι
282 2767 395 2825 Ριιιιιι
415 2768 592 2836 ascenderet,
604 2767 734 2839 tetigisse
750 2769 865 2838 lesum,
882 2769 912 2827 in
967 2771 1044 2820 etum
1055 2763 1232 2823 diiinnditur
1245 2767 1275 2825 in
1286 2768 1422 2828 cordibus
1433 2773 1554 2845 nostris,
1565 2777 1741 2851 participum
1751 2797 1824 2838 sno·

58 2858 170 2929 quibus
185 2864 248 2914 erut
270 2857 358 2914 atium
384 2857 448 2930 ipsa
466 2858 558 2915 Muris
571 2857 749 2932 Magdalene,
775 2865 913 2917 narrante
968 2869 1033 2912 rum
1058 2859 1178 2927 peccata
1201 2856 1345 2916 dimittite
1361 2877 1463 2920 eurum
1489 2868 1587 2922 eutem
1605 2868 1655 2941 qui
1676 2885 1733 2927 non
1753 2874 1825 2931 sunt

56 2947 194 3005 bintthaeo
209 2948 288 3019 quod
301 2949 459 3005 occurrerit
473 2947 532 3004 illis
542 2947 629 3006 iesus
640 2948 846 3020 dicensiuete.
856 2951 913 3007 ittae
968 2946 1033 3016 eius
1056 2944 1222 3018 participet,
1236 2952 1324 3007 leuel·
1341 2950 1407 3007 ideo
1428 2957 1620 3028 posteaquam
1644 2959 1727 3031 dixit,
1741 2960 1823 3019 Aeci·

56 3041 154 3095 nutent
177 3048 357 3109 accesserunt,
374 3038 481 3112 inquit,
497 3047 523 3096 et
545 3042 693 3096 terruerunt
715 3041 797 3113 pedes
816 3041 875 3112 ejas
889 3044 915 3097 et
967 3036 1023 3107 pite
1045 3035 1183 3106 Spiritum
1205 3046 1348 3102 sancium:
1364 3039 1417 3097 hoo
1431 3044 1569 3102 continuo
1585 3046 1621 3103 de
1635 3053 1822 3120 pennatorum

56 3129 245 3186 oriornueruut
272 3145 334 3186 eum
361 3130 467 3201 (ιιιιιι.
492 3145 595 3198 ssvur,
619 3128 658 3198 9).
673 3132 733 3185 line
758 3146 776 3186 a
801 3130 915 3188 ioanne
969 3124 1141 3181 remissione
1155 3141 1189 3182 ae
1204 3127 1369 3186 detentione
1383 3131 1518 3201 subJ'ecit.

57 3220 351 3293 praetermissuruest,
362 3219 440 3275 sede
460 3219 594 3276 liatthaeo
605 3234 705 3276 verum
717 3218 841 3275 dietum.
857 3220 913 3277 lie-
1003 3214 1031 3268 5.
1050 3216 1202 3273 «Thomas
1216 3222 1313 3274 autem
1329 3235 1406 3276 uuus
1421 3236 1456 3277 ax
1471 3223 1636 3295 duodecim,
1648 3228 1698 3299 qui
1715 3229 1823 3289 dicitur

57 3314 118 3365 stat
135 3308 369 3383 ergoutaliquod
380 3310 409 3364 in
421 3308 569 3365 bisverbis
580 3307 666 3365 lateat
677 3312 913 3379 sacramentum
968 3306 1121 3380 Didymus,
1135 3324 1193 3365 non
1204 3317 1264 3366 eret
1274 3325 1340 3366 cum
1351 3310 1706 3383 eisquandovanitleaus
1717 3334 1724 3375 :
1736 3319 1824 3379 Dixe-

57 3400 139 3472 qucd
154 3400 213 3456 sira
228 3399 424 3468 inveniemus,
440 3399 499 3454 sive
520 3398 651 3455 iuvenire
675 3397 795 3455 minime
818 3398 912 3457 valae·
968 3401 1036 3453 runt
1060 3414 1128 3470 ergo
1144 3397 1170 3455 ei
1184 3398 1233 3456 elii
1247 3399 1385 3473 discipuli
1401 3418 1410 3460 r
1429 3402 1561 3460 Vidimus
1582 3403 1751 3466 Dominum.
1766 3408 1819 3468 llis

57 3508 139 3557 mus,
161 3490 255 3547 inesse
270 3499 365 3547 temen
391 3487 472 3545 nullo
497 3491 581 3547 modu
605 3488 740 3546 dubitare
764 3490 912 3548 debemus.
967 3492 1062 3545 eutem
1078 3488 1150 3545 dixit
1160 3488 1203 3547 eis
1214 3506 1221 3547 ε
1233 3490 1295 3546 Νιιί
1306 3489 1402 3549 sidero
1418 3493 1448 3548 in
1465 3494 1602 3552 menibus
1618 3496 1681 3568 ejus
1695 3497 1820 3557 iirurem

55 3586 116 3639 Aut
140 3598 208 3654 ergo
228 3581 270 3637 aie
284 3580 396 3637 dictum
420 3585 476 3646 est,
498 3579 561 3636 Noli
575 3596 620 3636 me
644 3586 763 3654 torpere.
791 3581 914 3639 nondum
967 3575 1127 3646 clarorum,
1141 3581 1170 3634 et
1186 3576 1301 3635 mittum
1316 3577 1441 3651 digitum
1458 3596 1555 3638 meum
1569 3583 1600 3639 in
1615 3582 1710 3641 locum
1726 3584 1824 3645 elevo·

56 3676 135 3731 enirn
149 3672 257 3730 orcerrdi
271 3673 428 3728 artronum
443 3687 548 3741 meum,
560 3674 593 3728 ut
607 3671 638 3727 in
654 3671 703 3727 ille
719 3672 831 3730 femina
842 3673 915 3745 ligu-
967 3684 1044 3736 rum,
1056 3675 1082 3723 et
1098 3666 1213 3724 mittem
1230 3684 1350 3725 menum
1367 3685 1461 3727 msam
1473 3671 1504 3728 in
1517 3670 1678 3745 latussim.
1690 3692 1748 3732 non
1760 3693 1821 3735 ore·

58 3767 175 3821 reretnr
194 3762 320 3820 Declesia
333 3763 369 3819 de
383 3762 536 3831 Dentibus,
553 3778 617 3834 qua
631 3761 662 3818 in
681 3760 828 3819 Christum
854 3779 912 3821 nen
966 3759 1045 3814 dem.
1058 3756 1093 3812 iit
1116 3761 1183 3829 post
1199 3756 1260 3814 dies
1284 3765 1347 3815 noto
1367 3759 1474 3816 iterum
1499 3766 1583 3819 erent
1605 3764 1743 3838 discipuli
1757 3767 1823 3839 sius

57 3853 193 3921 credidit,
207 3853 263 3909 uisi
275 3869 340 3911 curn
361 3853 538 3909 ascendisset
552 3852 589 3908 ed
604 3856 717 3909 Petram
732 3867 740 3910 ι
758 3855 808 3909 ιιι
826 3853 867 3910 ιιι
882 3854 911 3911 in
967 3846 1056 3916 1111115,
1069 3851 1098 3904 01
1112 3847 1241 3904 ’11011185
1251 3863 1317 3905 θ11111
1328 3849 1382 3906 θῑῦ·
1394 3850 1686 3926 Veniiitwtitnuit
1700 3855 1820 3929 clausis,

57 3962 90 4003 se
115 3944 192 4002 credi
215 3944 306 4001 voluit
327 3944 425 4013 iesus,
442 3943 497 4000 boc
519 3950 572 4015 est,
594 3943 637 4001 sic
671 3959 700 4000 ss
723 3943 913 4016 spiritualiter
967 3941 997 3993 et
1016 3936 1097 3994 stetit
1115 3938 1145 3993 in
1166 3938 1271 4009 medio,
1287 3942 1316 3996 et
1330 3939 1405 3997 dixit
1420 3957 1427 3998 :
1444 3941 1503 3999 Pax
1517 3943 1611 4003 vobis.
1627 3943 1736 4003 Deinde
1751 3946 1824 4005 dicit

58 4035 153 4105 tangi,
168 4034 247 4107 qued
260 4034 324 4107 ipse
338 4043 365 4090 ιι
379 4034 464 4091 Ριιιι
479 4048 571 4089 unum
587 4032 656 4089 sint.
669 4033 912 4106 lljusquippein·
967 4028 1086 4084 i'bomre
1107 4043 1115 4086 :
1138 4028 1213 4085 lnier
1236 4028 1359 4102 digitum
1386 4038 1468 4089 tuum
1495 4031 1561 4103 ¹¹⁰⁰,
1578 4038 1606 4091 θῑ
1628 4034 1692 4093 Vide
1715 4051 1822 4095 meunt

59 4126 145 4183 timia
158 4124 519 4198 sensibusquodammodo
533 4124 662 4181 escendit
672 4125 708 4179 ad
727 4124 849 4192 Patrem,
862 4125 912 4196 qni
967 4134 1058 4186 meas,
1069 4126 1095 4174 ιι
1110 4117 1182 4174 aller
1197 4133 1318 4175 menum
1331 4124 1421 4187 tuem,
1432 4126 1462 4179 et
1472 4121 1595 4181 mitisin
1611 4122 1690 4182 latus
1702 4133 1821 4184 meum?
1932 4130 1937 4139 ’

58 4216 144 4272 sicin
160 4230 192 4270 en
205 4214 358 4288 profecerit
370 4219 402 4269 ut
412 4213 488 4270 Patri
501 4217 642 4285 ugnosnet
652 4212 792 4286 equalem
806 4230 813 4271 ι
829 4212 913 4270 aliter
966 4216 995 4269 et
1005 4210 1064 4268 noli
1075 4225 1140 4266 esse
1153 4207 1332 4278 incredulus,
1344 4212 1392 4266 sed
1405 4209 1509 4267 tidelis.
1523 4212 1822 4285 Respondit'lbomes

58 4321 121 4362 non
147 4311 222 4360 recte
237 4303 379 4374 tangitur,
396 4303 423 4358 id
438 4308 493 4370 eat,
509 4302 590 4358 aliter
614 4318 673 4358 neu
693 4306 770 4358 recte
791 4302 822 4357 in
846 4317 912 4359 eum
965 4306 995 4360 et
1009 4299 1082 4358 dixit
1095 4298 1143 4357 ei:
1159 4298 1305 4355 Dominus
1327 4314 1412 4357 meua
1427 4307 1455 4356 et
1469 4301 1545 4358 Deus
1561 4317 1653 4359 mens.
1670 4323 1685 4353 u
1699 4302 1822 4361 Videbat

58 4393 200 4451 creditur.
226 4395 339 4450 Poterat
361 4398 459 4449 nutam
474 4393 517 4449 sin
540 4394 657 4448 credere
673 4391 776 4459 bieria,
792 4397 823 4448 ut
845 4408 912 4449 eum
965 4391 1159 4463 tangebatque
1182 4388 1341 4459 huminem,
1357 4393 1386 4446 et
1409 4389 1601 4448 eonlltebatur
1622 4390 1715 4449 Deum
1730 4409 1820 4466 quem

59 4487 179 4558 putaret
192 4483 332 4555 imparem
347 4482 436 4552 Patri,
448 4483 524 4555 quod
544 4483 644 4555 utique
665 4480 834 4554 prehibetur
848 4497 912 4539 curu
966 4499 1025 4540 nou
1035 4481 1152 4539 videbat
1168 4496 1261 4551 nsque
1276 4479 1431 4552 tangebat3
1448 4479 1498 4537 sed
1516 4496 1567 4551 per
1581 4480 1636 4539 boe
1651 4482 1729 4554 quod
1745 4482 1823 4541 vide·

57 4576 86 4632 ei
114 4573 228 4642 dicitur,
244 4573 306 4630 licii
331 4588 374 4629 me
396 4580 531 4644 torpere:
555 4572 583 4628 id
608 4580 663 4641 est,
684 4572 748 4628 Noli
765 4571 794 4627 in
811 4587 857 4627 me
871 4571 913 4629 sic
966 4573 1015 4629 but
1023 4576 1111 4642 etque
1121 4567 1264 4641 tangebat,
1274 4567 1348 4624 illud
1359 4571 1422 4638 lam
1439 4572 1549 4627 remote
1561 4569 1746 4629 dubitatione
1761 4590 1823 4631 cre·

57 4666 188 4733 credere,
200 4665 447 4737 quemadmodum
458 4663 554 4720 adbuc
567 4666 661 4737 sapis;
675 4663 734 4719 noli
745 4667 829 4721 tuum
845 4680 912 4720 sen·
966 4662 1061 4718 debet.
1079 4660 1150 4715 Dicit
1164 4659 1190 4715 ei
1203 4658 1301 4714 imur:
1315 4658 1385 4728 Quin
1400 4658 1495 4715 uirtuti
1512 4676 1568 4727 me,
1583 4661 1741 4718 credidisti.
1757 4666 1820 4721 Non

57 4772 128 4813 sum
145 4756 201 4813 bno
218 4772 309 4830 usque
325 4756 494 4827 pertendere
510 4756 586 4827 quod
606 4773 657 4827 pro
673 4761 702 4812 ta
726 4756 912 4824 lestussum,
966 4752 1017 4820 ait,
1034 4749 1154 4822 tetigisti
1171 4764 1234 4819 me;
1250 4749 1311 4814 aed,
1328 4748 1423 4806 uidisti
1441 4765 1484 4807 me
1498 4767 1509 4808 .·
1522 4751 1661 4824 quoniam
1677 4754 1822 4827 generalis

58 4862 115 4903 nee
124 4845 250 4903 transire
260 4847 296 4902 ad
309 4845 380 4901 iliud
393 4861 444 4918 per
453 4846 529 4919 quod
542 4846 617 4902 iacta
627 4846 822 4913 cs.Quomcdo
834 4846 913 4903 enim
966 4841 1179 4916 quodammodo
1195 4855 1300 4897 sensus
1309 4853 1354 4897 est
1364 4843 1455 4900 visus.
1466 4841 1539 4901 Nem
1551 4847 1580 4900 et
1595 4859 1647 4917 per
1661 4845 1736 4902 alios
1745 4861 1820 4917 que·

58 4953 119 4992 nnn
135 4935 292 4993 carnaliter
309 4935 405 4993 adhuc
430 4935 460 4991 in
484 4950 550 4991 eum
566 4936 711 5001 credebat,
728 4951 814 5008 quem
838 4934 914 4992 sicut
966 4940 1032 4989 tuor
1044 4946 1148 4989 seusus
1164 4930 1309 4987 nominari
1321 4930 1506 4989 soietsvelut
1517 4949 1585 4990 num
1596 4932 1821 5001 dicimusiudi

58 5026 213 5083 bominem
237 5026 325 5083 tiebat
343 5025 497 5083 tuendum
519 5027 595 5083 enim
617 5025 737 5093 ororrrdi,
753 5025 859 5098 inquit,
875 5024 915 5083 od
966 5032 993 5083 et
1008 5024 1073 5080 vide
1093 5037 1181 5096 quern
1206 5022 1279 5079 bene
1304 5025 1398 5090 acuet,
1414 5023 1490 5080 oliae
1504 5023 1612 5081 stride
1637 5038 1724 5095 quam
1748 5024 1822 5083 bene

58 5121 174 5175 Patrem
188 5133 278 5174 meum
294 5116 357 5173 :ibi
374 5133 420 5173 me
434 5122 548 5189 iunges,
564 5117 682 5189 quando
697 5132 742 5172 me
757 5115 915 5173 credideris
967 5116 1053 5184 oleat,
1068 5119 1153 5190 gusta
1168 5119 1198 5172 et
1212 5114 1276 5171 ride
1291 5131 1377 5186 quam
1399 5114 1473 5171 bene
1492 5115 1598 5188 sepiat,
1615 5119 1700 5185 tange
1714 5122 1741 5172 et
1755 5115 1822 5173 ride

61 5207 140 5264 Patri
166 5223 226 5264 non
250 5208 391 5278 imparem
420 5207 523 5264 Deum.
551 5207 620 5264 Vnde
642 5211 734 5263 nutem
756 5207 792 5263 cd
815 5210 915 5276 tratres
967 5221 1056 5280 quam
1081 5208 1152 5263 bene
1174 5206 1276 5262 eeleet.
1294 5205 1408 5279 Ubique
1432 5205 1539 5276 sonuit,
1555 5205 1637 5272 Vide,
1654 5220 1721 5261 cum
1740 5205 1821 5266 visus

60 5296 307 5367 tressortem,
324 5298 441 5355 ιιειιιιιι
455 5297 491 5354 nd
505 5300 617 5354 Putrem
639 5313 731 5354 meum
753 5303 780 5353 st
803 5300 915 5353 Patrem
967 5296 1083 5372 proprie
1096 5312 1153 5354 non
1170 5300 1293 5368 negetur
1305 5298 1340 5353 ed
1355 5295 1455 5353 oculos
1472 5295 1623 5365 pertinere.
1641 5293 1761 5353 Undeet
1771 5295 1820 5355 hio

61 5390 192 5443 oestrum.
204 5386 266 5444 Nun
278 5388 328 5459 eit,
344 5386 454 5444 Petram
466 5390 601 5445 nostrum
613 5406 620 5444 r
632 5387 716 5444 aliter
726 5403 795 5459 ergo
806 5402 915 5457 meum,
967 5386 1029 5456 ipse
1052 5384 1206 5455 Dominus,
1230 5385 1314 5455 inter,
1338 5385 1446 5457 inquii,
1470 5384 1590 5457 digitum
1611 5393 1688 5441 tuum
1714 5383 1779 5457 buc,
1794 5391 1821 5444 ιι

65 5476 146 5535 ιιιιιι
159 5483 289 5535 restrum
306 5494 314 5546 ;
339 5483 442 5536 ιιιιιι
465 5494 573 5542 meum.
598 5479 692 5553 grstia
714 5481 855 5535 vestrum.
879 5479 917 5533 Et
966 5474 1028 5533 uide
1042 5490 1140 5532 mouns
1153 5489 1228 5531 meos
1238 5490 1248 5532 :
1259 5472 1327 5547 quid
1341 5473 1418 5531 aliud
1430 5475 1471 5530 ait
1480 5490 1579 5547 quem,
1590 5475 1688 5547 Tange
1698 5481 1725 5530 ιι
1735 5475 1821 5535 sidet

68 5571 151 5625 Deera
164 5583 267 5636 meum,
282 5577 308 5625 et
323 5568 408 5625 deum
422 5578 550 5630 uestrum.
566 5568 664 5642 Neque
673 5568 722 5626 hic
733 5567 916 5639 dlxit,l>eum
968 5565 1026 5624 Nec
1049 5568 1143 5622 tamen
1168 5563 1269 5623 oculos
1290 5563 1340 5624 ilie
1364 5563 1489 5626 babebat
1502 5565 1534 5626 in
1548 5565 1651 5640 digito.
1666 5565 1742 5639 Drgn
1760 5565 1821 5626 sire
