3952 6150
1757 148 1829 207 2911

118 154 189 213 etti·
626 150 859 220 QUAESTIONES
878 151 927 209 Ex
944 150 1041 209 iloto
1061 149 1310 208 resalutare.

121 278 186 346 sed,
202 279 300 337 statim
315 277 417 348 agnito
429 277 567 346 Domino,
587 277 722 334 transivit
742 277 889 334 dubitatio
904 279 938 345 ¹1.
998 275 1210 333 incredulitatis
1230 290 1292 331 sues
1304 290 1394 332 eausa
1417 272 1665 332 abdicarentura
1690 273 1783 331 uobis
1796 274 1826 333 in

119 351 203 409 Sicut
217 351 381 407 dictumest
397 354 425 406 et
439 350 477 405 de
490 349 691 422 losepb,quia
702 349 808 420 ferrum
818 357 944 421 pertran-
999 348 1098 404 locum
1111 347 1228 403 illorum
1241 347 1387 415 inductis;
1403 347 1480 402 sieut
1490 346 1563 403 dicit
1577 345 1729 412 Salvator,
1743 346 1828 404 Totie-

118 424 183 479 sr'eit
200 425 320 478 unimam
340 422 397 493 ejus
420 420 504 491 (Paci.
526 438 582 485 cuv,
599 421 654 491 18).
671 420 702 474 iu
727 436 845 476 carcere
864 423 943 477 enim
998 428 1045 475 tur
1059 437 1076 474 a
1090 418 1162 475 uobis
1173 435 1285 488 regnum
1301 418 1361 485 Dei,
1375 425 1399 473 et
1414 417 1611 489 debiturpeati
1622 417 1829 489 laetentifruc-

119 494 263 550 iuuoceus
278 495 328 549 diu
343 493 469 565 positus,
485 492 521 546 de
537 492 584 544 Dei
597 491 709 561 judicio
724 494 802 547 eirca
815 508 845 547 se
861 492 944 564 quod
998 492 1121 562 tumejur
1136 489 1247 562 (Metti.
1259 506 1320 553 xxi,
1335 491 1390 562 ts).
1402 489 1476 546 Nam
1486 505 1577 546 omne
1587 489 1673 561 quod
1687 491 1830 560 permittit

117 566 307 629 dubitaverit,
321 580 380 620 uon
399 569 442 619 est
457 564 566 618 mirum
582 578 588 617 ι
603 563 654 617 sed
670 562 741 634 quia
753 562 821 635 pius
837 563 943 620 deDeo
1001 566 1086 629 Deus,
1103 560 1328 618 laceredicitur:
1340 561 1412 632 quia
1425 562 1449 614 si
1465 560 1701 630 nonpermittat,
1718 560 1828 617 uouiit.

118 637 269 707 sperabat,
279 651 337 690 uon
348 634 511 707 permansit
522 636 551 689 in
561 633 804 703 ambiguitatem
816 650 852 691 eo
862 636 942 690 euim
998 633 1081 690 Unde
1093 633 1165 689 dicit
1179 634 1320 687 Dominus
1335 634 1373 688 ad
1389 631 1525 699 Pilatum,
1539 632 1603 688 Non
1618 631 1732 687 haberer
1743 641 1830 703 potes-

117 710 186 834 puis
196 707 356 777 judicatur,
371 707 399 762 iu
415 722 476 778 quo
490 707 666 786 propensior
681 712 733 760 est.
747 706 943 777 Apoealypsis
998 712 1078 761 tatem
1089 706 1177 768 ieme,
1188 703 1319 758 nitidata
1330 711 1393 758 esset
1406 703 1461 758 riti
1471 702 1584 774 desuper
1595 704 1759 774 (docmxrx,
1778 706 1829 776 11).

134 780 241 835 oannis
256 780 312 833 hoe
328 779 433 859 sancit
451 775 524 858 Dicit
539 792 629 839 enirn,
644 777 776 858 Deliiset
792 777 943 847 irrfidelihus
998 778 1063 831 Nou
1091 792 1160 847 ergo
1180 775 1351 839 immittens,
1366 774 1419 830 sed
1435 777 1609 847 permittens
1623 774 1700 858 dare
1719 774 1830 831 dicitur

117 856 251 991 illati
264 846 943 991 'ldtlhtlt:hlltitttilrbtltait
997 845 1830 998 {tristatitldd2stititlltttzattbtt

116 995 210 1047 morte
226 994 265 1059 (a)
280 1007 285 1045 :
301 991 357 1046 hoc
370 997 413 1047 est
429 995 555 1045 mortem
568 991 694 1046 evadere
704 1009 711 1057 ς
722 991 793 1063 quia
806 990 943 1047 dubitare
998 990 1192 1055 Salvatorem,
1206 988 1338 1045 feceruut
1356 989 1440 1043 illum
1453 989 1648 1044 maledictum
1664 1005 1768 1054 suum,
1781 990 1829 1045 Dei

117 1064 154 1119 de
172 1062 240 1127 Deo,
263 1063 307 1116 vel
326 1062 364 1117 de
387 1061 512 1128 Christo,
530 1068 679 1118 moreest.
698 1061 875 1134 repertae
891 1063 942 1135 qui
994 1059 1829 1133 judicioCruxeuiruSalvatorismaledictumestludreo·

116 1133 227 1191 desinit
240 1133 384 1195 dubitare,
404 1133 505 1189 evadit
521 1138 657 1189 mortem.
998 1149 1075 1188 rum.
1092 1134 1155 1188 Nou
1171 1133 1249 1188 enim
1265 1133 1340 1186 sicut
1353 1132 1450 1187 hostia
1462 1146 1531 1203 qum
1548 1146 1601 1202 pro
1613 1132 1749 1204 peccatis
1759 1132 1828 1188 olle·

157 1205 268 1261 LlllllV.
281 1236 312 1245 -
325 1203 400 1270 Ouid
415 1204 468 1260 sibi
481 1204 544 1259 vult
560 1211 591 1259 ut
604 1205 693 1259 lsaias
705 1204 851 1276 propheta
864 1203 943 1259 dicat
997 1204 1128 1272 rebatur,
1143 1201 1286 1258 abluebat
1300 1201 1473 1259 offerentem
1496 1218 1503 1267 ;
1518 1202 1570 1259 sed
1586 1209 1694 1259 coutra
1706 1202 1829 1259 oblatus

117 1276 155 1332 de
170 1275 295 1341 Christo,
312 1276 366 1341 Qui
386 1281 519 1345 peecatum
540 1292 592 1330 uon
610 1275 673 1345 [ecit
693 1292 702 1329 :
723 1280 827 1331 contra
842 1282 943 1332 autem
998 1276 1131 1331 Salvator
1146 1276 1267 1332 macida
1281 1279 1309 1329 ει
1325 1274 1522 1344 peceatumiit
1537 1272 1734 1330 offerentium
1753 1291 1760 1328 :
1767 1276 1828 1345 jus·

117 1347 288 1419 Apostolus,
304 1348 374 1402 Ειιιιι
389 1348 437 1417 qui
452 1354 597 1416 peccatam,
614 1345 718 1417 iuquit,
734 1345 874 1413 nesciebat,
893 1363 944 1418 pro
998 1345 1358 1403 tilicatioautemillorum
1373 1344 1626 1419 quidisseutiuut.
1641 1347 1827 1416 uigentibus

118 1417 195 1475 achia
204 1425 339 1490 peccatum
351 1418 420 1488 feeit
434 1416 514 1490 (lsai.
531 1434 584 1487 ιιιι,
600 1418 631 1485 9;
646 1418 666 1472 ll
683 1419 748 1473 Cor.
764 1435 792 1483 v,
807 1418 863 1499 tl).
996 1418 1164 1473 benedictio
1178 1418 1305 1473 Abrahae
1320 1416 1402 1472 tieret
1420 1418 1450 1471 iu
1465 1415 1582 1472 Christo
1605 1416 1690 1472 lesu·
1709 1416 1827 1473 Oblatiu

153 1489 303 1557 Quantum
315 1489 808 1559 adsensumpertinetqumstioues
819 1488 942 1545 diversas
997 1490 1075 1545 euim
1101 1488 1274 1544 ludaeorum
1296 1488 1419 1559 proiecit
1431 1486 1575 1544 Gentibus
1590 1503 1652 1546 nou
1666 1487 1829 1545 diffidenti·

117 1566 196 1625 suut,
211 1560 263 1615 sed
278 1560 368 1615 verba
384 1560 492 1615 similia
509 1579 515 1619 :
530 1577 567 1616 ex
582 1565 666 1629 parte
685 1560 807 1642 quidem
823 1559 941 1626 similia,
996 1559 1053 1616 bus
1068 1575 1086 1615 a
1100 1560 1157 1615 tide
1169 1559 1240 1615 Jesu
1259 1559 1377 1615 Christi.

118 1637 249 1704 exparte
265 1647 334 1686 vero
351 1631 563 1702 discrepantia.
573 1632 849 1699 lecitemm,etnon
864 1632 941 1696 iecit,
1034 1631 1130 1687 LllllV.
1146 1660 1180 1672 -
1192 1632 1249 1687 Cur
1276 1630 1411 1686 Salvator
1430 1645 1484 1701 pro
1499 1644 1531 1684 se
1558 1632 1677 1685 tautum
1699 1632 1731 1685 et
1746 1632 1826 1686 Petro

117 1702 299 1757 contrarium
320 1707 383 1768 est;
400 1701 560 1764 nesciebat,
578 1710 605 1758 et
620 1718 679 1758 nou
696 1703 762 1758 lecit
774 1703 868 1758 simile
881 1709 936 1759 est.
996 1702 1204 1758 didmchmam
1219 1701 1316 1768 solvit,
1332 1715 1392 1756 uon
1407 1702 1497 1756 etiarn
1510 1716 1564 1772 pro
1573 1701 1689 1756 crateris
1701 1707 1828 1772 Aposto-

119 1773 264 1845 Propheta
276 1789 348 1842 ergo
362 1790 396 1828 ex
412 1790 540 1845 persona
555 1773 659 1828 Christi
675 1774 791 1830 loerrtus
807 1781 860 1838 est,
871 1775 942 1846 quia
996 1773 1031 1828 iis
1042 1774 1153 1855 (dietih.
1176 1790 1243 1839 ιιιι,
1259 1776 1305 1845 26)
1326 1770 1340 1827 1
1353 1772 1469 1844 Quippe
1483 1788 1552 1827 curu
1568 1787 1676 1827 omnes
1687 1788 1774 1837 eum,
1789 1788 1829 1828 re·

117 1850 275 1916 peccatum
291 1860 352 1900 urm
373 1844 450 1909 iecit,
465 1860 519 1900 nec
534 1845 621 1901 Dolus
636 1847 774 1901 iuventus
789 1851 831 1900 est
846 1847 875 1901 iu
891 1860 941 1901 ore
996 1843 1070 1900 lietrs
1098 1844 1286 1901 iracultatibus
1313 1845 1467 1907 omnibus,
1493 1844 1647 1899 subsecuti
1674 1844 1747 1913 siut,
1775 1859 1828 1916 pro

116 1916 199 1986 ejus;
215 1915 374 1985 Apostolus
387 1932 458 1971 vero
474 1917 604 1998 loquitur
620 1917 658 1972 de
673 1932 802 1988 persona
814 1918 865 1973 Dei
886 1916 941 1973 Pa·
995 1916 1138 1972 omuibus
1154 1915 1267 1972 solvere
1283 1915 1425 1970 debuisse
1440 1914 1564 1970 videtur.

117 1986 179 2051 tris,
194 1987 245 2058 qrri
259 2003 337 2052 erim,
357 1987 385 2042 id
401 1994 444 2044 est
459 1989 606 2045 Christum
622 1989 674 2059 qrd
694 1994 851 2058 peecatum
876 2003 942 2043 ues·
1032 1987 1222 2051 Didrachme,
1247 2003 1281 2043 ca
1306 1986 1378 2042 itum
1406 1986 1522 2041 exactio
1550 1985 1739 2055 intelligitur,
1767 2000 1826 2041 nou

117 2057 538 2130 ciebat,prouobispeceetum
553 2058 841 2130 lecitouoddupliei
852 2059 941 2114 niodo
1017 2059 1188 2124 taediorum,
1201 2002 1303 2132 [quod
1311 2073 1390 2113 nume
1405 2072 1576 2130 pannosum
1592 2072 1704 2113 aurum
1725 2057 1828 2129 appel·

116 2128 341 2197 intelligendum
355 2136 408 2186 est.
426 2132 553 2185 Primum
567 2130 647 2186 euim
661 2131 727 2186 ierit
739 2130 823 2187 illum
839 2146 942 2201 pecca·
996 2074 1084 2195 datur,
1108 2132 1181 2203 qriia
1206 2140 1232 2185 et
1249 2145 1397 2210 pauperes
1424 2129 1605 2199 exiguntur¹
1635 2128 1659 2199 t]
1677 2144 1736 2185 uec
1750 2130 1827 2209 enim

118 2205 193 2266 tum,
206 2201 279 2255 ιιιιιιι
293 2202 442 2257 incarnari
455 2201 536 2257 illum
549 2201 689 2265 voluit,ut
701 2218 790 2274 quem
805 2218 868 2257 sors
881 2217 942 2257 uon
998 2201 1132 2257 Salvator
1157 2201 1269 2272 aliquid
1298 2200 1473 2270 possidebat
1487 2200 1518 2255 iu
1543 2199 1671 2265 mundo,
1697 2215 1771 2255 eum
1792 2206 1826 2255 ιιι

116 2272 269 2341 tangebat,
277 2271 313 2326 de
331 2274 492 2343 peccatrice
504 2288 593 2328 carne
605 2288 713 2342 corpus
725 2274 882 2345 acciperet,
891 2289 943 2339 per
997 2272 1137 2328 domiuus
1153 2272 1268 2328 muudi.
1285 2273 1417 2328 Mortuus
1432 2272 1512 2327 enim
1528 2271 1635 2327 alienis
1664 2271 1827 2343 impendiis

114 2343 197 2415 quod
211 2342 321 2398 dicitur
340 2343 435 2399 laetius
456 2349 622 2416 peecatum.
639 2345 749 2399 Deinde
764 2345 837 2400 drrrn
857 2344 943 2401 otlert
997 2344 1159 2414 sepelitur:
1175 2350 1203 2400 ει
1217 2359 1303 2400 uosa
1320 2344 1431 2416 quibus
1443 2342 1576 2398 mundus
1591 2347 1760 2398 extraneus
1774 2351 1826 2409 est,

116 2430 251 2487 cumpro
264 2415 941 2486 peccatis,iecitillumpeceatumllostiaenim
997 2415 1151 2472 laenitates
1165 2431 1274 2485 erigere
1285 2416 1434 2486 cupimus,
1451 2420 1481 2470 ut
1498 2415 1660 2470 morientes
1677 2414 1825 2471 muudum

116 2486 146 2542 in
158 2486 234 2553 Lege
250 2488 443 2557 propeccatis
458 2487 733 2557 oblata,peecatum
749 2487 942 2558 nuncupaba·
997 2502 1015 2543 ι
1031 2488 1118 2543 uobis
1131 2488 1281 2551 invasum,
1303 2501 1363 2541 uou
1378 2490 1492 2541 tantum
1507 2500 1590 2551 voce,
1609 2484 1665 2540 sed
1680 2493 1712 2540 et
1727 2486 1827 2542 litteris

117 2561 173 2612 tur.
191 2560 254 2612 Nou
274 2572 345 2626 ergo
360 2557 492 2614 Christus
513 2565 667 2628 peceatum
691 2558 766 2623 iecit,
783 2560 858 2614 sieut
872 2559 942 2614 dicit
997 2564 1206 2626 contestemur,
1225 2562 1255 2612 ut
1279 2557 1462 2629 professione
1488 2564 1588 2613 nostra
1603 2555 1645 2611 ub
1666 2572 1715 2623 eo,
1745 2558 1827 2628 eujus

116 2628 279 2700 propbeta;
296 2629 381 2684 seda
404 2630 488 2684 Patre
511 2630 573 2700 ipse
590 2634 745 2699 peecatum
771 2629 865 2685 iactus
888 2636 941 2696 cst,
998 2630 1130 2685 mundus
1144 2635 1198 2695 est,
1223 2629 1470 2685 condemnemur.
1501 2628 1573 2683 Hinc
1601 2629 1763 2694 Dominus,
1780 2628 1828 2694 (1ιὶ

116 2700 192 2754 sicut
212 2704 367 2754 ostensum
392 2705 444 2754 est.
467 2700 576 2755 Dilerre
600 2706 699 2755 aretem
725 2700 871 2755 Christum
887 2716 942 2772 pro
997 2717 1060 2766 roa,
1077 2700 1182 2772 iuqrrit,
1197 2701 1249 2755 reli
1266 2700 1448 2764 acritomuic,
1464 2706 1488 2754 et
1500 2706 1605 2754 secutus
1617 2700 1769 2770 metuerit,
1780 2717 1829 2754 son

116 2770 204 2825 uobis
213 2771 287 2841 quaid
298 2775 351 2834 est,
360 2771 414 2825 uisi
425 2773 496 2825 <lare
506 2775 681 2841 potestatem
695 2770 862 2826 volentibus
873 2787 942 2828 eum
997 2780 1164 2844 potestatem
1175 2789 1227 2827 esre
1238 2718 1388 2839 deceperas
1396 2771 1476 2843 (hcc.
1485 2787 1544 2836 ιιι,
1559 2772 1617 2840 26).
1625 2768 1829 2845 [Quicumque

116 2839 270 2896 occideret
282 2841 368 2906 erod
384 2841 494 2897 ideireo
509 2857 685 2897 eoncessum
701 2843 832 2914 estquis
846 2844 943 2913 profu·

115 2915 216 2967 turum
229 2919 292 2967 erat
308 2919 337 2969 ut
353 2918 429 2967 esset
442 2928 534 2969 causa
547 2913 746 2969 descendendi
767 2914 805 2969 ad
821 2914 941 2977 inferos,

117 2986 150 3038 ut
170 2981 311 3054 spoliaret
334 2989 478 3040 tartarum
498 2985 668 3041 animabus.
686 2987 724 3041 Su
749 2985 942 3042 erabuudaus

117 3052 196 3110 euim
207 3054 412 3111 etluauditum
424 3062 580 3127 peceatum
592 3057 715 3124 est,oeei
740 3055 798 3112 isse
809 3073 878 3113 eum
889 3057 942 3129 qui

115 3140 178 3183 uon
193 3125 289 3181 solum
306 3127 389 3183 nullo
404 3141 512 3191 genere
527 3134 713 3199 peceaverat,
730 3129 781 3183 sed
797 3132 825 3184 et
843 3129 942 3185 multis

115 3197 207 3253 vitam
218 3196 459 3254 donaverattloe
468 3204 591 3269 peceato
605 3214 671 3255 reus
684 3200 780 3255 iaetus
791 3200 940 3265 diabolus,

116 3269 339 3325 contradicendi
351 3270 508 3326 audaciam
522 3270 659 3340 perdidit.
669 3273 743 3327 Nam
754 3271 849 3326 simile
860 3272 942 3327 aliud

115 3343 154 3397 ad
167 3339 285 3395 Galatas
301 3342 330 3396 iu
347 3341 477 3412 Epistola
492 3341 599 3410 legitur
615 3361 621 3401 :
639 3342 713 3398 iuter
729 3348 835 3398 caetera
849 3344 940 3410 enim,

117 3412 224 3477 Factus,
240 3411 346 3484 inquit,
360 3429 411 3482 pro
422 3412 501 3467 nohis
514 3413 684 3468 maledictum
701 3412 803 3483 (Galat.
821 3429 862 3479 ιιι,
879 3416 937 3483 13).

114 3487 213 3554 Aque
230 3482 332 3547 taetris,
348 3484 405 3539 nisi
419 3501 436 3539 a
452 3483 561 3539 Petrei
578 3485 693 3539 iudicio
708 3485 788 3539 euim
802 3485 852 3540 Dei
868 3501 940 3540 crux

115 3554 219 3610 Christi
235 3554 425 3611 maledictum
437 3555 663 3610 estludueorum
676 3572 683 3610 z
697 3561 849 3627 peecatum
861 3557 940 3612 enim

114 3625 233 3683 illorum
246 3627 393 3682 exclamat
406 3642 484 3683 more
496 3625 664 3682 Salvatoris.
674 3626 810 3697 cruciligi
824 3642 895 3697 ergo
911 3643 941 3683 se

115 3696 259 3768 permisit,
277 3703 307 3752 ut
335 3697 434 3768 passio
453 3699 515 3769 ejus
536 3699 691 3768 proliceret
707 3698 806 3763 uobis,
827 3706 858 3754 ut
871 3698 941 3755 hinc

115 3783 184 3823 cum
197 3769 283 3837 siguo
294 3769 358 3838 ejus
371 3777 521 3833 exeuntes,
533 3787 550 3825 a
564 3770 696 3826 secunda
708 3774 805 3826 morte
816 3770 941 3826 minime

116 3842 294 3893 teneremur.
311 3840 409 3895 lletuit
425 3840 506 3895 euim
527 3857 607 3896 rums
622 3842 711 3898 etiam
728 3857 828 3897 servos
841 3843 906 3914 ejus
924 3858 942 3899 a

116 3924 176 3981 quo
189 3910 266 3964 victa
281 3915 336 3965 est.

151 3978 190 4052 (b)
205 3982 355 4044 Quantum
369 3980 406 4036 ad
419 3983 606 4052 propositum
619 3982 756 4054 pertinet,
770 3999 829 4039 uon
843 3983 941 4040 solum

116 4050 205 4106 verba
216 4050 455 4121 discrepant,sed
466 4057 495 4108 ct
504 4068 638 4124 personae
648 4054 772 4109 diversae
782 4056 943 4112 suntFeeit

115 4122 205 4187 euim,
220 4127 248 4177 et
261 4137 320 4177 uon
334 4122 409 4185 iecit,
421 4125 601 4180 contrarium
618 4129 670 4180 est.
682 4125 737 4179 Sed
749 4127 820 4195 quia
834 4142 893 4182 nou
903 4127 942 4183 ab

115 4192 300 4250 hociaetum
325 4194 504 4265 intelligitur.
530 4196 582 4266 qrri
608 4195 711 4250 iecisse
735 4203 862 4266 negatus
885 4204 940 4264 est,

114 4266 297 4321 contrarium
312 4266 370 4321 diri
382 4280 442 4321 uon
456 4271 561 4338 potest.
578 4266 727 4336 Prophetae
738 4269 818 4323 enim
829 4269 941 4324 dictum

116 4336 154 4392 ad
163 4346 322 4408 personam
336 4339 463 4411 pertinet
475 4337 592 4403 Christi,
606 4338 738 4409 Apostoli
750 4355 820 4394 vero
831 4339 869 4395 ad
878 4356 943 4413 per·

114 4423 221 4463 sonam
246 4407 351 4464 Patris.
369 4408 447 4464 Deus
463 4410 543 4466 enim
559 4411 644 4466 Peter
669 4411 872 4467 reconciliavit
885 4411 941 4467 sibi

115 4480 264 4535 mundum
279 4495 331 4549 per
345 4479 511 4547 Christum
525 4481 605 4537 etita
621 4481 731 4537 iactum
743 4486 798 4541 est.
815 4488 846 4539 ut
860 4498 940 4549 erim,

998 2860 1068 2913 ergo
1084 2846 1125 2900 sic
1139 2845 1227 2900 hahet
1241 2843 1396 2899 facultates
1412 2858 1491 2908 suas,
1505 2848 1536 2897 ut
1549 2858 1636 2913 spem
1654 2841 1687 2898 in
1704 2842 1828 2899 illisuon

996 2915 1116 2979 habeat,
1137 2921 1258 3042 paratus
1273 2920 1373 2971 autem
1389 2914 1426 2969 sit
1440 2930 1495 2984 pro
1519 2913 1578 2968 lide
1603 2912 1674 2968 ilias
1687 2914 1828 2986 abjicere,

996 2987 1076 3043 viam
1088 3003 1136 3043 am
1163 2987 1223 3042 ulat
1261 2986 1363 3042 unitur
1373 2985 1412 3041 ad
1424 2983 1572 3041 Christum
1583 2985 1753 3041 Dominum
1766 3002 1828 3041 noe

997 3063 1075 3114 trum
1092 3059 1124 3184 2.
1140 3059 1244 3113 Didrac
1269 3073 1318 3113 ma
1329 3072 1399 3127 ergo
1415 3056 1454 3112 ab
1466 3056 1513 3111 his
1529 3056 1683 3126 exigenda
1692 3061 1770 3124 eret,
1779 3056 1828 3184 pul

997 3130 1089 3202 aliqui
1127 3130 1238 3199 negotii
1253 3128 1406 3199 gerebant,
1429 3134 1481 3183 aut
1496 3127 1611 3183 artibus
1628 3143 1759 3199 operam
1800 3144 1829 3184 a·

996 3200 1079 3257 baut.
1096 3200 1230 3257 Salvator
1244 3206 1355 3267 autem,
1379 3199 1452 3271 quia
1464 3198 1537 3256 nihil
1563 3198 1677 3255 horum
1693 3200 1827 3263 curabat,

996 3288 1093 3345 neque
1114 3271 1252 3343 discipuli
1265 3271 1341 3342 ejus,
1358 3269 1523 3340 exigendus
1544 3269 1650 3342 utique
1668 3287 1732 3327 nou
1746 3277 1825 3328 crat:

997 3346 1047 3399 sed
1064 3344 1136 3415 quia
1149 3343 1289 3399 iuimicus
1299 3342 1438 3398 diabolus
1452 3357 1570 3413 semper
1583 3343 1613 3397 iu
1629 3342 1826 3405 insidiiserat,

996 3416 1183 3470 occasionem
1210 3430 1347 3486 quaerens
1372 3414 1396 3469 si
1419 3418 1519 3484 posset
1533 3412 1685 3469 inclinare
1701 3414 1827 3471 salvato

996 3502 1077 3545 rem:
1094 3490 1265 3542 exactorum
1279 3485 1463 3541 didrachmae
1476 3484 1596 3539 animos
1611 3487 1826 3553 occupantur

996 3556 1387 3629 ejusiueereutvoluntatem
1401 3577 1407 3621 ς
1419 3563 1449 3611 ιιι
1461 3556 1687 3612 accedentesad
1701 3558 1823 3621 Petrum,

995 3629 1048 3702 qui
1072 3629 1187 3699 primus
1202 3628 1276 3684 iuter
1300 3626 1457 3699 Apostolos
1470 3632 1543 3691 erat,
1560 3626 1638 3682 solvi
1655 3629 1768 3684 dehere
1790 3629 1823 3684 ab

995 3715 1098 3755 eorum
1117 3698 1262 3767 magistro
1276 3699 1406 3755 dicerent
1418 3697 1642 3761 didrachmam,
1656 3700 1712 3781 qui
1731 3700 1822 3756 abhis

996 3771 1136 3827 oneribus
1146 3771 1229 3826 liberi
1242 3776 1336 3826 erant.
1350 3770 1425 3826 Nihil
1435 3770 1514 3825 enim
1526 3769 1663 3838 agebant
1675 3787 1705 3826 m
1717 3770 1822 3827 mundo

996 3844 1077 3914 quod
1091 3847 1170 3899 esset
1180 3842 1303 3897 mundi:
1320 3841 1430 3915 utquia
1441 3856 1500 3896 uon
1514 3846 1578 3896 erat
1593 3840 1677 3897 rrudc
1691 3842 1820 3903 solveret,

996 3920 1047 3969 aut
1063 3915 1107 3969 his
1121 3913 1264 3969 seandalo
1279 3918 1365 3979 esset,
1381 3919 1432 3968 aut
1448 3918 1525 3968 certe
1536 3911 1711 3968 humilitate
1727 3912 1822 3969 suffre-

997 3985 1036 4055 gii
1053 3990 1228 4058 qrrrerereta
1276 4001 1313 4039 uo
1335 3984 1508 4040 solveretur.
1534 3982 1620 4038 Tunc
1638 3985 1785 4041 Dominus
1796 3986 1822 4038 ut

997 4057 1196 4128 improvidum
1213 4056 1260 4111 dia
1283 4055 1365 4111 olum
1381 4055 1525 4111 adversus
1537 4056 1740 4128 serraetipsum
1756 4071 1822 4111 sem·

998 4126 1403 4198 permachiuariostenderet,
1417 4126 1455 4182 ad
1465 4126 1594 4182 nrareirc
1608 4127 1734 4184 l’etrum
1744 4142 1820 4197 apos·

997 4200 1088 4255 tolrrm
1100 4199 1185 4269 jubet
1197 4200 1218 4263 ⁸,
1233 4199 1349 4268 etcapti
1371 4198 1459 4268 piscis
1474 4212 1509 4253 os
1523 4199 1654 4268 aperire,
1668 4203 1699 4255 et
1712 4200 1770 4255 illic
1783 4198 1820 4253 iu·

997 4271 1097 4325 venire
1122 4286 1280 4325 nummum
1295 4269 1442 4325 exactioni
1466 4269 1625 4326 debitum:
1667 4286 1707 4326 uo
1720 4270 1818 4329 soluto,

996 4358 1056 4398 uon
1069 4340 1351 4397 solumscuudalum
1360 4356 1420 4397 non
1433 4346 1651 4396 essctexactori
1678 4358 1725 4411 us,
1734 4354 1819 4413 neque

997 4411 1819 4483 inclinareturrequisitoauxiltcadsolvendum;veruu

997 4485 1086 4540 etiam
1102 4484 1220 4553 siguum
1238 4483 1352 4538 virtutis
1368 4484 1508 4539 maximae
1523 4482 1759 4551 demonstraret,
1775 4496 1817 4555 per

114 4550 145 4605 id
159 4557 213 4615 est,
229 4551 388 4618 Christum,
405 4552 512 4608 iaceret
536 4558 704 4624 peecatum.
729 4553 789 4609 lloc
804 4558 848 4609 est
862 4554 942 4610 euim
996 4556 1217 4637 quodcaptose
1230 4555 1349 4610 diabolo
1359 4554 1398 4610 ad
1409 4555 1586 4619 setrahcret‚
1602 4561 1635 4611 ut
1648 4562 1818 4627 argumento

115 4620 222 4704 iecisse
237 4638 306 4678 eum
323 4630 490 4693 peceatum,
505 4624 578 4681 dare
606 4624 734 4680 illumin
758 4630 840 4681 utero
855 4624 944 4695 virgi·
997 4632 1027 4682 et
1040 4631 1148 4683 astulia
1167 4642 1224 4682 sua
1245 4625 1380 4682 diabolus
1404 4630 1598 4696 torqueretur.
1631 4627 1741 4683 Dicunt
1757 4638 1817 4705 crgo

113 4691 188 4759 nah,
213 4700 244 4747 ut
257 4701 428 4751 nasceretur
443 4696 544 4761 homo,
563 4712 599 4751 ex
621 4701 702 4767 parte
722 4697 820 4752 caruis
846 4696 943 4752 iactus
997 4698 1340 4755 exactoresdidracbmae
1354 4696 1392 4752 ad
1407 4698 1523 4753 Petrum
1534 4698 1817 4768 apostoliam,idccre

113 4767 283 4835 peceatum,
303 4765 374 4845 quia
389 4782 459 4822 caro
476 4768 587 4837 peccati
603 4771 658 4831 est,
671 4765 719 4822 bic
734 4768 836 4839 utique
850 4784 942 4839 quem
997 4775 1136 4825 terrester·
1149 4787 1201 4824 uon
1216 4768 1296 4824 soluit
1304 4767 1501 4831 didrachmam,
1512 4775 1568 4823 ete.
1579 4769 1645 4834 Οιιο
1656 4769 1749 4836 dieto,
1764 4783 1816 4825 ma·

115 4849 181 4890 sors
192 4838 220 4889 et
234 4835 366 4891 conditio
381 4853 441 4893 uon
455 4838 761 4906 tangebatlrominem
774 4854 941 4908 procreare.
997 4842 1119 4911 gistrum
1136 4847 1167 4896 ut
1200 4857 1231 4897 m
1245 4841 1388 4897 omuibus
1402 4839 1555 4910 discipulis
1567 4841 1710 4907 solveret,
1723 4853 1816 4897 coure-

113 4906 158 4962 sd
172 4905 230 4961 hoc
246 4906 431 4975 igituruatus
447 4915 501 4973 est,
518 4915 548 4964 ut
560 4910 660 4965 hostia
671 4925 723 4980 pro
734 4911 942 4991 peccatoribus
997 4918 1113 4969 uerrunt.
1139 4858 1274 4968 Saddator
1290 4917 1391 4968 autem
1415 4927 1483 4967 eum
1500 4926 1555 4982 pro
1568 4927 1599 4966 se
1615 4917 1644 4968 et
1662 4912 1749 4968 Petro
1761 4906 1814 4967 dari

113 4977 278 5033 otierretur.
309 4980 465 5035 Peccatum
482 4994 553 5048 ergo
573 4980 668 5036 iaetus
684 4980 800 5045 dicitur,
814 4983 885 5050 quia
900 4999 943 5038 se·
993 4984 1088 5056 jubet,
1105 5000 1159 5053 pro
1174 4983 1315 5040 omuibus
1337 4981 1497 5038 exsolvisse
1511 4982 1629 5038 ridetur
1643 5000 1650 5039 :
1664 4985 1739 5056 quia
1752 4983 1815 5037 sicut

113 5048 247 5105 eundum
270 5052 376 5120 Legem
390 5050 569 5121 hostiaque
584 5052 781 5122 propeccatis
796 5052 940 5110 offereba·
996 5071 1025 5111 m
1042 5055 1192 5111 Salvatore
1215 5059 1300 5111 eraut
1313 5069 1420 5109 omnes
1438 5070 1530 5110 eausa
1546 5054 1725 5123 magisterii.
1746 5054 1781 5110 ite
1793 5054 1814 5107 ιι

114 5125 170 5187 tur,
182 5127 338 5192 peecatum
352 5121 804 5189 nuncupabaturSimilisloeus
815 5125 941 5181 estalius
995 5132 1061 5199 post
1073 5128 1258 5182 Salvatorem
1271 5125 1299 5181 iu
1308 5128 1389 5181 Petro
1402 5124 1813 5198 omueseontiueutur.lpsum

113 5193 245 5263 Apostoli
271 5193 310 5248 ad
326 5193 443 5249 Calates
459 5194 584 5250 diecutis
604 5194 641 5249 de
666 5194 828 5262 Salvatore,
841 5196 942 5252 Factae
995 5199 1073 5253 euim
1091 5198 1241 5252 constituit
1255 5212 1322 5252 esse
1335 5203 1426 5267 caput
1449 5211 1567 5262 eorsum,
1585 5201 1617 5251 ut
1630 5205 1735 5267 pastor
1750 5198 1815 5252 esset

114 5280 163 5334 pro
177 5264 252 5320 cetis
263 5264 450 5321 meledictum:
463 5266 526 5337 ipse
536 5282 643 5322 seusus
656 5267 941 5338 est,Faer11sestpro
995 5270 1077 5341 gregi
1092 5268 1263 5326 dominieit.
1274 5269 1347 5324 Nam
1361 5269 1436 5324 iuter
1448 5273 1555 5324 cetera
1565 5267 1640 5325 dicit
1653 5266 1813 5341 discipulis:

113 5335 202 5391 nobis
218 5342 373 5406 peccatum
390 5336 453 5392 sive
480 5337 671 5394 maledictum
687 5345 789 5394 nostra
816 5355 940 5396 causae

116 5406 175 5460 Deo
192 5408 273 5462 Patre
286 5409 337 5480 qui
354 5410 488 5480 permisit
504 5408 588 5465 illum
609 5425 627 5465 a
653 5409 764 5465 Judreis
786 5410 891 5481 occidi,
909 5416 940 5467 ut
1025 5393 1316 5506 {ssfflssffifflg
1332 5393 1588 5520 ng’ffiffiengm,

1025 5520 1034 5549 ³
1051 5519 1112 5567 bles.
1127 5518 1238 5568 secundi
1248 5519 1353 5581 generis
1367 5518 1479 5574 addunt,
1496 5518 1572 5583 cccci
1584 5519 1627 5568 ειιι·
1638 5533 1729 5569 curam
1736 5518 1816 5567 donar

994 5581 1049 5673 dede
1066 5586 1247 5694 adedras'eeuudi
1274 5643 1379 5707 generis
1394 5658 1400 5692 :
1418 5640 1506 5705 leram
1517 5642 1596 5699 ιιιιιιι,
1608 5648 1670 5709 post
1683 5658 1709 5695 rc
1720 5642 1817 5706 relicuit

993 5711 1132 5770 pastorem,
1142 5711 1268 5770 etpostor
1277 5709 1337 5758 erret
1351 5705 1435 5770 precis
1448 5704 1585 5762 ὼιιιιιιιιι,

146 5510 153 5537 ¹
171 5508 337 5562 Hmcdesuut
351 5515 377 5563 iu
396 5515 457 5564 ldse.
473 5515 583 5565 secundi
601 5517 714 5580 generis.

143 5569 181 5627 (cl
199 5573 339 5636 Reliquum
354 5575 429 5626 deest
441 5579 467 5626 iu
485 5578 549 5633 tiss,
566 5579 676 5629 secundi
694 5580 807 5643 generis.

145 5631 181 5693 (ὁ)
199 5632 312 5689 Quaestio
327 5638 421 5687 eadem
433 5653 465 5688 ex
475 5640 536 5689 lise.
552 5641 661 5690 secundi
675 5644 789 5705 generis,
799 5643 870 5694 iuter
882 5646 941 5707 post

113 5692 238 5759 vulgatas
253 5709 285 5746 ex
299 5700 373 5750 Novo
387 5701 457 5752 Test.
475 5702 690 5768 quadragesima.
