<?xml version="1.0" encoding="UTF-8"?>
<!DOCTYPE html PUBLIC "-//W3C//DTD XHTML 1.0 Transitional//EN"
    "http://www.w3.org/TR/xhtml1/DTD/xhtml1-transitional.dtd">
<html xmlns="http://www.w3.org/1999/xhtml" xml:lang="en" lang="en">
 <head>
  <title>
</title>
<meta http-equiv="Content-Type" content="text/html;charset=utf-8" />
  <meta name='ocr-system' content='tesseract 3.04.00' />
  <meta name='ocr-capabilities' content='ocr_page ocr_carea ocr_par ocr_line ocrx_word'/>
</head>
<body>
  <div class='ocr_page' id='page_1' title='image "./patrologiaecurs07saingoog/patrologiaecurs07saingoog_0187.png"; bbox 0 0 3952 6150; ppageno 0'>
   <div class='ocr_carea' id='block_1_1' title="bbox 1823 365 1904 428">
    <p class='ocr_par' dir='ltr' id='par_1_1' title="bbox 1823 365 1904 428">
     <span class='ocr_line' id='line_1_1' title="bbox 1823 365 1904 428; baseline -0.049 0"><span class='ocrx_word' id='word_1_1' title='bbox 1823 365 1904 428; x_wconf 72' lang='lat' dir='ltr'><strong>iulo</strong></span> 
     </span>
    </p>
   </div>
   <div class='ocr_carea' id='block_1_2' title="bbox 142 363 1431 439">
    <p class='ocr_par' dir='ltr' id='par_1_2' title="bbox 142 363 1431 439">
     <span class='ocr_line' id='line_1_2' title="bbox 142 363 1431 439; baseline -0.005 -6"><span class='ocrx_word' id='word_1_2' title='bbox 142 371 221 433; x_wconf 73' lang='lat'><strong>{675</strong></span> <span class='ocrx_word' id='word_1_3' title='bbox 620 368 666 429; x_wconf 93' lang='lat' dir='ltr'><strong>IN</strong></span> <span class='ocrx_word' id='word_1_4' title='bbox 686 367 850 432; x_wconf 77' lang='lat' dir='ltr'>JOANNIS</span> <span class='ocrx_word' id='word_1_5' title='bbox 872 363 1143 439; x_wconf 78' lang='lat' dir='ltr'><strong>Evauuuulou,</strong></span> <span class='ocrx_word' id='word_1_6' title='bbox 1165 365 1197 428; x_wconf 87' lang='lat' dir='ltr'><strong>S.</strong></span> <span class='ocrx_word' id='word_1_7' title='bbox 1220 364 1431 431; x_wconf 77' lang='lat' dir='ltr'><strong>abdosulut</strong></span> 
     </span>
    </p>
   </div>
   <div class='ocr_carea' id='block_1_3' title="bbox 83 496 1903 1206">
    <p class='ocr_par' dir='ltr' id='par_1_3' title="bbox 137 496 1903 933">
     <span class='ocr_line' id='line_1_3' title="bbox 138 496 1903 579; baseline -0.002 -18"><span class='ocrx_word' id='word_1_8' title='bbox 138 502 187 562; x_wconf 90' lang='lat' dir='ltr'><strong>ilie</strong></span> <span class='ocrx_word' id='word_1_9' title='bbox 202 504 464 579; x_wconf 82' lang='lat' dir='ltr'><strong>exspectabal,non</strong></span> <span class='ocrx_word' id='word_1_10' title='bbox 481 501 608 572; x_wconf 76' lang='lat' dir='ltr'><strong>fatalem,</strong></span> <span class='ocrx_word' id='word_1_11' title='bbox 629 502 680 559; x_wconf 86' lang='lat' dir='ltr'><strong>sod</strong></span> <span class='ocrx_word' id='word_1_12' title='bbox 696 505 888 576; x_wconf 87' lang='lat' dir='ltr'><strong>oppurtunum</strong></span> <span class='ocrx_word' id='word_1_13' title='bbox 905 502 992 555; x_wconf 82' lang='lat' dir='ltr'><strong>etun·</strong></span> <span class='ocrx_word' id='word_1_14' title='bbox 1043 496 1122 570; x_wconf 80' lang='lat' dir='ltr'><strong>ejus:</strong></span> <span class='ocrx_word' id='word_1_15' title='bbox 1148 514 1184 555; x_wconf 91' lang='lat' dir='ltr'><strong>uc</strong></span> <span class='ocrx_word' id='word_1_16' title='bbox 1204 500 1331 572; x_wconf 81' lang='lat' dir='ltr'><strong>puellum</strong></span> <span class='ocrx_word' id='word_1_17' title='bbox 1354 497 1502 556; x_wconf 83' lang='lat' dir='ltr'><strong>christum</strong></span> <span class='ocrx_word' id='word_1_18' title='bbox 1524 496 1580 555; x_wconf 88' lang='lat' dir='ltr'><strong>sub</strong></span> <span class='ocrx_word' id='word_1_19' title='bbox 1602 496 1702 571; x_wconf 87' lang='lat' dir='ltr'><strong>eliqua</strong></span> <span class='ocrx_word' id='word_1_20' title='bbox 1728 499 1903 559; x_wconf 83' lang='lat' dir='ltr'><strong>necessitate</strong></span> 
     </span>
     <span class='ocr_line' id='line_1_4' title="bbox 138 586 1902 665; baseline -0.003 -13"><span class='ocrx_word' id='word_1_21' title='bbox 138 594 296 652; x_wconf 84' lang='lat' dir='ltr'><strong>luntariam</strong></span> <span class='ocrx_word' id='word_1_22' title='bbox 312 611 320 651; x_wconf 77' lang='lat' dir='ltr'><strong>r</strong></span> <span class='ocrx_word' id='word_1_23' title='bbox 337 599 369 649; x_wconf 90' lang='lat' dir='ltr'><strong>ut</strong></span> <span class='ocrx_word' id='word_1_24' title='bbox 384 592 465 665; x_wconf 91' lang='lat' dir='ltr'><strong>prins</strong></span> <span class='ocrx_word' id='word_1_25' title='bbox 490 591 590 649; x_wconf 88' lang='lat' dir='ltr'><strong>omnia</strong></span> <span class='ocrx_word' id='word_1_26' title='bbox 605 592 827 663; x_wconf 74' lang='lat' dir='ltr'><strong>complerentur,</strong></span> <span class='ocrx_word' id='word_1_27' title='bbox 846 606 908 665; x_wconf 84' lang='lat' dir='ltr'><strong>quas</strong></span> <span class='ocrx_word' id='word_1_28' title='bbox 923 591 991 645; x_wconf 89' lang='lat' dir='ltr'><strong>ente</strong></span> <span class='ocrx_word' id='word_1_29' title='bbox 1045 586 1124 644; x_wconf 81' lang='lat' dir='ltr'><strong>tetuli</strong></span> <span class='ocrx_word' id='word_1_30' title='bbox 1140 587 1199 644; x_wconf 92' lang='lat' dir='ltr'><strong>ulla</strong></span> <span class='ocrx_word' id='word_1_31' title='bbox 1213 587 1349 661; x_wconf 84' lang='lat' dir='ltr'><strong>impietas</strong></span> <span class='ocrx_word' id='word_1_32' title='bbox 1371 587 1489 645; x_wconf 89' lang='lat' dir='ltr'><strong>auderet</strong></span> <span class='ocrx_word' id='word_1_33' title='bbox 1503 587 1635 662; x_wconf 87' lang='lat' dir='ltr'><strong>improbe</strong></span> <span class='ocrx_word' id='word_1_34' title='bbox 1650 587 1802 662; x_wconf 89' lang='lat' dir='ltr'><strong>suspicari.</strong></span> <span class='ocrx_word' id='word_1_35' title='bbox 1821 594 1902 648; x_wconf 79' lang='lat' dir='ltr'><strong>Non-</strong></span> 
     </span>
     <span class='ocr_line' id='line_1_5' title="bbox 138 678 1901 758; baseline -0.002 -17"><span class='ocrx_word' id='word_1_36' title='bbox 138 685 303 758; x_wconf 82' lang='lat' dir='ltr'><strong>passionem</strong></span> <span class='ocrx_word' id='word_1_37' title='bbox 319 683 414 756; x_wconf 88' lang='lat' dir='ltr'><strong>ipsius</strong></span> <span class='ocrx_word' id='word_1_38' title='bbox 429 681 568 755; x_wconf 89' lang='lat' dir='ltr'><strong>compleri</strong></span> <span class='ocrx_word' id='word_1_39' title='bbox 583 683 740 753; x_wconf 89' lang='lat' dir='ltr'><strong>oportebat.</strong></span> <span class='ocrx_word' id='word_1_40' title='bbox 757 683 830 739; x_wconf 90' lang='lat' dir='ltr'><strong>Nam</strong></span> <span class='ocrx_word' id='word_1_41' title='bbox 846 679 990 753; x_wconf 88' lang='lat' dir='ltr'><strong>quomodo</strong></span> <span class='ocrx_word' id='word_1_42' title='bbox 1043 680 1113 736; x_wconf 93' lang='lat' dir='ltr'><strong>dum</strong></span> <span class='ocrx_word' id='word_1_43' title='bbox 1134 680 1212 736; x_wconf 89' lang='lat' dir='ltr'><strong>enim</strong></span> <span class='ocrx_word' id='word_1_44' title='bbox 1236 686 1353 736; x_wconf 82' lang='lat' dir='ltr'><strong>uenerat</strong></span> <span class='ocrx_word' id='word_1_45' title='bbox 1377 679 1449 736; x_wconf 91' lang='lat' dir='ltr'><strong>hore</strong></span> <span class='ocrx_word' id='word_1_46' title='bbox 1464 695 1523 753; x_wconf 92' lang='lat' dir='ltr'><strong>qua</strong></span> <span class='ocrx_word' id='word_1_47' title='bbox 1537 694 1571 735; x_wconf 88' lang='lat' dir='ltr'><strong>ex</strong></span> <span class='ocrx_word' id='word_1_48' title='bbox 1593 678 1694 737; x_wconf 86' lang='lat' dir='ltr'><strong>urdine</strong></span> <span class='ocrx_word' id='word_1_49' title='bbox 1709 695 1773 749; x_wconf 91' lang='lat' dir='ltr'><strong>auu,</strong></span> <span class='ocrx_word' id='word_1_50' title='bbox 1789 695 1901 737; x_wconf 86' lang='lat' dir='ltr'><strong>secun·</strong></span> 
     </span>
     <span class='ocr_line' id='line_1_6' title="bbox 138 767 1902 847; baseline -0.005 -13"><span class='ocrx_word' id='word_1_51' title='bbox 138 776 194 834; x_wconf 87' lang='lat' dir='ltr'><strong>sub</strong></span> <span class='ocrx_word' id='word_1_52' title='bbox 206 776 258 832; x_wconf 85' lang='lat' dir='ltr'><strong>iuti</strong></span> <span class='ocrx_word' id='word_1_53' title='bbox 274 776 444 832; x_wconf 80' lang='lat' dir='ltr'><strong>necessitate</strong></span> <span class='ocrx_word' id='word_1_54' title='bbox 460 775 573 847; x_wconf 87' lang='lat' dir='ltr'><strong>positus</strong></span> <span class='ocrx_word' id='word_1_55' title='bbox 592 778 663 835; x_wconf 88' lang='lat' dir='ltr'><strong>erat,</strong></span> <span class='ocrx_word' id='word_1_56' title='bbox 681 773 730 847; x_wconf 87' lang='lat' dir='ltr'><strong>qui</strong></span> <span class='ocrx_word' id='word_1_57' title='bbox 748 772 805 830; x_wconf 91' lang='lat' dir='ltr'><strong>alio</strong></span> <span class='ocrx_word' id='word_1_58' title='bbox 821 771 883 829; x_wconf 90' lang='lat' dir='ltr'><strong>loco</strong></span> <span class='ocrx_word' id='word_1_59' title='bbox 899 772 989 827; x_wconf 88' lang='lat' dir='ltr'><strong>dixit:</strong></span> <span class='ocrx_word' id='word_1_60' title='bbox 1043 767 1115 822; x_wconf 92' lang='lat' dir='ltr'><strong>dum</strong></span> <span class='ocrx_word' id='word_1_61' title='bbox 1130 783 1164 823; x_wconf 93' lang='lat' dir='ltr'><strong>ea</strong></span> <span class='ocrx_word' id='word_1_62' title='bbox 1179 783 1242 840; x_wconf 83' lang='lat' dir='ltr'><strong>que</strong></span> <span class='ocrx_word' id='word_1_63' title='bbox 1254 768 1390 841; x_wconf 74' lang='lat' dir='ltr'><strong>predicta</strong></span> <span class='ocrx_word' id='word_1_64' title='bbox 1401 769 1512 824; x_wconf 91' lang='lat' dir='ltr'><strong>suutde</strong></span> <span class='ocrx_word' id='word_1_65' title='bbox 1522 767 1583 838; x_wconf 91' lang='lat' dir='ltr'><strong>illo,</strong></span> <span class='ocrx_word' id='word_1_66' title='bbox 1595 783 1653 824; x_wconf 93' lang='lat' dir='ltr'><strong>nou</strong></span> <span class='ocrx_word' id='word_1_67' title='bbox 1665 767 1738 824; x_wconf 92' lang='lat' dir='ltr'><strong>mori</strong></span> <span class='ocrx_word' id='word_1_68' title='bbox 1749 774 1902 842; x_wconf 71' lang='lat' dir='ltr'>cogeretur</span> 
     </span>
     <span class='ocr_line' id='line_1_7' title="bbox 137 856 1579 933; baseline -0.002 -12"><span class='ocrx_word' id='word_1_69' title='bbox 137 867 305 921; x_wconf 71' lang='lat' dir='ltr'><strong>Puteolorum</strong></span> <span class='ocrx_word' id='word_1_70' title='bbox 320 863 404 919; x_wconf 72' lang='lat' dir='ltr'><strong>liabeo</strong></span> <span class='ocrx_word' id='word_1_71' title='bbox 415 862 663 933; x_wconf 83' lang='lat' dir='ltr'><strong>ponendiuuimom</strong></span> <span class='ocrx_word' id='word_1_72' title='bbox 674 877 774 931; x_wconf 84' lang='lat' dir='ltr'><strong>meum,</strong></span> <span class='ocrx_word' id='word_1_73' title='bbox 789 868 816 916; x_wconf 86' lang='lat' dir='ltr'><strong>et</strong></span> <span class='ocrx_word' id='word_1_74' title='bbox 828 864 987 933; x_wconf 73' lang='lat' dir='ltr'><strong>potestatem</strong></span> <span class='ocrx_word' id='word_1_75' title='bbox 1044 856 1163 929; x_wconf 89' lang='lat' dir='ltr'><strong>inritus,</strong></span> <span class='ocrx_word' id='word_1_76' title='bbox 1179 861 1230 917; x_wconf 90' lang='lat' dir='ltr'><strong>sed</strong></span> <span class='ocrx_word' id='word_1_77' title='bbox 1252 860 1436 918; x_wconf 76' lang='lat' dir='ltr'><strong>occideretur</strong></span> <span class='ocrx_word' id='word_1_78' title='bbox 1451 864 1579 933; x_wconf 83' lang='lat' dir='ltr'><strong>paratus.</strong></span> 
     </span>
    </p>

    <p class='ocr_par' dir='ltr' id='par_1_4' title="bbox 83 946 1902 1206">
     <span class='ocr_line' id='line_1_8' title="bbox 137 946 1902 1024; baseline -0.001 -14"><span class='ocrx_word' id='word_1_79' title='bbox 137 952 221 1011; x_wconf 78' lang='lat' dir='ltr'><strong>turico</strong></span> <span class='ocrx_word' id='word_1_80' title='bbox 236 951 337 1009; x_wconf 85' lang='lat' dir='ltr'><strong>iterum</strong></span> <span class='ocrx_word' id='word_1_81' title='bbox 348 953 475 1008; x_wconf 78' lang='lat' dir='ltr'><strong>sumendi</strong></span> <span class='ocrx_word' id='word_1_82' title='bbox 484 968 544 1007; x_wconf 82' lang='lat' dir='ltr'><strong>euru</strong></span> <span class='ocrx_word' id='word_1_83' title='bbox 559 969 569 1007; x_wconf 94' lang='lat'><em>:</em></span> <span class='ocrx_word' id='word_1_84' title='bbox 584 967 664 1007; x_wconf 82' lang='lat' dir='ltr'><strong>nemo</strong></span> <span class='ocrx_word' id='word_1_85' title='bbox 684 951 756 1007; x_wconf 86' lang='lat' dir='ltr'><strong>tollit</strong></span> <span class='ocrx_word' id='word_1_86' title='bbox 771 966 835 1007; x_wconf 88' lang='lat' dir='ltr'><strong>eum</strong></span> <span class='ocrx_word' id='word_1_87' title='bbox 849 967 866 1006; x_wconf 90' lang='lat' dir='ltr'><strong>u</strong></span> <span class='ocrx_word' id='word_1_88' title='bbox 880 963 934 1017; x_wconf 86' lang='lat' dir='ltr'><strong>me,</strong></span> <span class='ocrx_word' id='word_1_89' title='bbox 945 946 992 1005; x_wconf 82' lang='lat' dir='ltr'><strong>sed</strong></span> <span class='ocrx_word' id='word_1_90' title='bbox 1078 947 1097 1002; x_wconf 87' lang='lat'>2</span> <span class='ocrx_word' id='word_1_91' title='bbox 1124 949 1207 1006; x_wconf 87' lang='lat' dir='ltr'><strong>Modo</strong></span> <span class='ocrx_word' id='word_1_92' title='bbox 1222 954 1319 1007; x_wconf 89' lang='lat' dir='ltr'><strong>autem</strong></span> <span class='ocrx_word' id='word_1_93' title='bbox 1335 951 1371 1006; x_wconf 91' lang='lat' dir='ltr'><strong>de</strong></span> <span class='ocrx_word' id='word_1_94' title='bbox 1385 950 1449 1023; x_wconf 89' lang='lat' dir='ltr'><strong>lpan</strong></span> <span class='ocrx_word' id='word_1_95' title='bbox 1473 951 1607 1022; x_wconf 74' lang='lat' dir='ltr'><strong>paccione</strong></span> <span class='ocrx_word' id='word_1_96' title='bbox 1625 965 1691 1015; x_wconf 89' lang='lat' dir='ltr'><strong>sua,</strong></span> <span class='ocrx_word' id='word_1_97' title='bbox 1720 968 1783 1023; x_wconf 81' lang='lat' dir='ltr'><strong>quse</strong></span> <span class='ocrx_word' id='word_1_98' title='bbox 1808 955 1902 1024; x_wconf 85' lang='lat' dir='ltr'><strong>posite</strong></span> 
     </span>
     <span class='ocr_line' id='line_1_9' title="bbox 135 1036 1902 1116; baseline -0.002 -15"><span class='ocrx_word' id='word_1_99' title='bbox 135 1058 183 1114; x_wconf 78' lang='lat' dir='ltr'><strong>ego</strong></span> <span class='ocrx_word' id='word_1_100' title='bbox 197 1046 257 1116; x_wconf 84' lang='lat' dir='ltr'><strong>ipse</strong></span> <span class='ocrx_word' id='word_1_101' title='bbox 270 1058 342 1114; x_wconf 87' lang='lat' dir='ltr'><strong>poue</strong></span> <span class='ocrx_word' id='word_1_102' title='bbox 355 1058 415 1098; x_wconf 87' lang='lat' dir='ltr'><strong>eum</strong></span> <span class='ocrx_word' id='word_1_103' title='bbox 430 1058 446 1096; x_wconf 89' lang='lat' dir='ltr'><strong>o</strong></span> <span class='ocrx_word' id='word_1_104' title='bbox 462 1056 514 1109; x_wconf 86' lang='lat' dir='ltr'><strong>me,</strong></span> <span class='ocrx_word' id='word_1_105' title='bbox 529 1046 554 1097; x_wconf 88' lang='lat' dir='ltr'><strong>et</strong></span> <span class='ocrx_word' id='word_1_106' title='bbox 569 1043 670 1097; x_wconf 83' lang='lat' dir='ltr'><strong>iterum</strong></span> <span class='ocrx_word' id='word_1_107' title='bbox 685 1057 761 1098; x_wconf 71' lang='lat' dir='ltr'><strong>eramo</strong></span> <span class='ocrx_word' id='word_1_108' title='bbox 776 1057 836 1097; x_wconf 86' lang='lat' dir='ltr'><strong>eom</strong></span> <span class='ocrx_word' id='word_1_109' title='bbox 857 1042 946 1115; x_wconf 81' lang='lat' dir='ltr'><strong>(loon.</strong></span> <span class='ocrx_word' id='word_1_110' title='bbox 962 1056 989 1106; x_wconf 89' lang='lat' dir='ltr'><strong>x,</strong></span> <span class='ocrx_word' id='word_1_111' title='bbox 1044 1036 1104 1093; x_wconf 63' lang='lat' dir='ltr'><strong>erat</strong></span> <span class='ocrx_word' id='word_1_112' title='bbox 1120 1054 1177 1095; x_wconf 89' lang='lat' dir='ltr'><strong>nou</strong></span> <span class='ocrx_word' id='word_1_113' title='bbox 1202 1039 1231 1094; x_wconf 90' lang='lat' dir='ltr'><strong>in</strong></span> <span class='ocrx_word' id='word_1_114' title='bbox 1248 1039 1312 1111; x_wconf 82' lang='lat' dir='ltr'><strong>ejus</strong></span> <span class='ocrx_word' id='word_1_115' title='bbox 1336 1039 1518 1106; x_wconf 85' lang='lat' dir='ltr'><strong>necessitate,</strong></span> <span class='ocrx_word' id='word_1_116' title='bbox 1540 1038 1592 1095; x_wconf 91' lang='lat' dir='ltr'><strong>sed</strong></span> <span class='ocrx_word' id='word_1_117' title='bbox 1607 1043 1758 1111; x_wconf 88' lang='lat' dir='ltr'><strong>potestate,</strong></span> <span class='ocrx_word' id='word_1_118' title='bbox 1782 1043 1902 1098; x_wconf 87' lang='lat' dir='ltr'><strong>locutus</strong></span> 
     </span>
     <span class='ocr_line' id='line_1_10' title="bbox 83 1125 1902 1206; baseline -0.001 -17"><span class='ocrx_word' id='word_1_119' title='bbox 83 1168 89 1173; x_wconf 95' lang='lat'><em>-</em></span> <span class='ocrx_word' id='word_1_120' title='bbox 135 1131 358 1206; x_wconf 77' lang='lat' dir='ltr'><strong>tultusrauuit</strong></span> <span class='ocrx_word' id='word_1_121' title='bbox 383 1131 656 1203; x_wconf 88' lang='lat' dir='ltr'><strong>bauopoteatatem,</strong></span> <span class='ocrx_word' id='word_1_122' title='bbox 682 1128 990 1203; x_wconf 70' lang='lat' dir='ltr'><strong>quandocumludael</strong></span> <span class='ocrx_word' id='word_1_123' title='bbox 1044 1125 1351 1185; x_wconf 82' lang='lat' dir='ltr'><strong>eetiudesisdicens:</strong></span> <span class='ocrx_word' id='word_1_124' title='bbox 1372 1127 1522 1202; x_wconf 76' lang='lat' dir='ltr'><strong>quoodc.</strong></span> <span class='ocrx_word' id='word_1_125' title='bbox 1543 1127 1656 1185; x_wconf 83' lang='lat' dir='ltr'><strong>Christo</strong></span> <span class='ocrx_word' id='word_1_126' title='bbox 1681 1128 1759 1186; x_wconf 88' lang='lat' dir='ltr'><strong>enim</strong></span> <span class='ocrx_word' id='word_1_127' title='bbox 1776 1128 1902 1189; x_wconf 86' lang='lat' dir='ltr'><strong>Domino</strong></span> 
     </span>
    </p>
   </div>
   <div class='ocr_carea' id='block_1_4' title="bbox 51 1216 1900 1293">
    <p class='ocr_par' dir='ltr' id='par_1_5' title="bbox 51 1216 1900 1293">
     <span class='ocr_line' id='line_1_11' title="bbox 51 1216 1900 1293; baseline -0.001 -16"><span class='ocrx_word' id='word_1_128' title='bbox 51 1274 55 1283; x_wconf 95' lang='grc'>,</span> <span class='ocrx_word' id='word_1_129' title='bbox 135 1222 313 1293; x_wconf 80' lang='lat' dir='ltr'><strong>quaerebant.</strong></span> <span class='ocrx_word' id='word_1_130' title='bbox 331 1220 416 1288; x_wconf 84' lang='lat' dir='ltr'><strong>Quem</strong></span> <span class='ocrx_word' id='word_1_131' title='bbox 430 1221 563 1291; x_wconf 79' lang='lat' dir='ltr'><strong>quaerilis,</strong></span> <span class='ocrx_word' id='word_1_132' title='bbox 577 1220 698 1293; x_wconf 77' lang='lat' dir='ltr'><strong>inquit?</strong></span> <span class='ocrx_word' id='word_1_133' title='bbox 714 1221 746 1276; x_wconf 80' lang='lat' dir='ltr'><strong>lit</strong></span> <span class='ocrx_word' id='word_1_134' title='bbox 761 1219 821 1276; x_wconf 92' lang='lat' dir='ltr'><strong>lili:</strong></span> <span class='ocrx_word' id='word_1_135' title='bbox 840 1221 940 1277; x_wconf 78' lang='lat' dir='ltr'><strong>lerum.</strong></span> <span class='ocrx_word' id='word_1_136' title='bbox 957 1223 992 1276; x_wconf 82' lang='lat' dir='ltr'><strong>ut</strong></span> <span class='ocrx_word' id='word_1_137' title='bbox 1045 1230 1121 1271; x_wconf 87' lang='lat' dir='ltr'><strong>mors</strong></span> <span class='ocrx_word' id='word_1_138' title='bbox 1143 1216 1280 1288; x_wconf 81' lang='lat' dir='ltr'><strong>protectio</strong></span> <span class='ocrx_word' id='word_1_139' title='bbox 1304 1216 1360 1273; x_wconf 84' lang='lat' dir='ltr'><strong>tau</strong></span> <span class='ocrx_word' id='word_1_140' title='bbox 1383 1216 1433 1274; x_wconf 94' lang='lat' dir='ltr'><strong>illo</strong></span> <span class='ocrx_word' id='word_1_141' title='bbox 1450 1217 1526 1273; x_wconf 89' lang='lat' dir='ltr'><strong>unde</strong></span> <span class='ocrx_word' id='word_1_142' title='bbox 1548 1221 1677 1286; x_wconf 85' lang='lat' dir='ltr'><strong>veneral,</strong></span> <span class='ocrx_word' id='word_1_143' title='bbox 1692 1222 1721 1274; x_wconf 89' lang='lat' dir='ltr'><strong>ct</strong></span> <span class='ocrx_word' id='word_1_144' title='bbox 1748 1219 1826 1275; x_wconf 92' lang='lat' dir='ltr'><strong>nude</strong></span> <span class='ocrx_word' id='word_1_145' title='bbox 1841 1235 1900 1277; x_wconf 91' lang='lat' dir='ltr'><strong>non</strong></span> 
     </span>
    </p>
   </div>
   <div class='ocr_carea' id='block_1_5' title="bbox 118 1304 1902 1917">
    <p class='ocr_par' dir='ltr' id='par_1_6' title="bbox 118 1304 1902 1471">
     <span class='ocr_line' id='line_1_12' title="bbox 118 1304 1899 1387; baseline 0 -22"><span class='ocrx_word' id='word_1_146' title='bbox 118 1308 185 1387; x_wconf 40' lang='lat' dir='ltr'><strong>&#39;ille</strong></span> <span class='ocrx_word' id='word_1_147' title='bbox 196 1326 204 1364; x_wconf 75' lang='grc' dir='ltr'><em>τ</em></span> <span class='ocrx_word' id='word_1_148' title='bbox 215 1310 270 1379; x_wconf 75' lang='lat' dir='ltr'><strong>spo</strong></span> <span class='ocrx_word' id='word_1_149' title='bbox 284 1326 356 1366; x_wconf 85' lang='lat' dir='ltr'><strong>sum.</strong></span> <span class='ocrx_word' id='word_1_150' title='bbox 370 1309 509 1374; x_wconf 82' lang='lat' dir='ltr'><strong>Quauoce</strong></span> <span class='ocrx_word' id='word_1_151' title='bbox 519 1309 629 1379; x_wconf 86' lang='lat' dir='ltr'><strong>audita,</strong></span> <span class='ocrx_word' id='word_1_152' title='bbox 644 1310 784 1367; x_wconf 84' lang='lat' dir='ltr'><strong>redieruut</strong></span> <span class='ocrx_word' id='word_1_153' title='bbox 798 1313 869 1366; x_wconf 83' lang='lat' dir='ltr'><strong>retro</strong></span> <span class='ocrx_word' id='word_1_154' title='bbox 884 1309 991 1366; x_wconf 85' lang='lat' dir='ltr'><strong>etoeci·</strong></span> <span class='ocrx_word' id='word_1_155' title='bbox 1044 1304 1231 1362; x_wconf 85' lang='lat' dir='ltr'><strong>discesserat.</strong></span> <span class='ocrx_word' id='word_1_156' title='bbox 1247 1306 1311 1378; x_wconf 73' lang='lat' dir='ltr'><strong>ligo,</strong></span> <span class='ocrx_word' id='word_1_157' title='bbox 1335 1305 1444 1379; x_wconf 89' lang='lat' dir='ltr'><strong>inquit,</strong></span> <span class='ocrx_word' id='word_1_158' title='bbox 1468 1306 1547 1378; x_wconf 86' lang='lat' dir='ltr'><strong>uude,</strong></span> <span class='ocrx_word' id='word_1_159' title='bbox 1566 1317 1592 1363; x_wconf 85' lang='lat' dir='ltr'><strong>et</strong></span> <span class='ocrx_word' id='word_1_160' title='bbox 1612 1307 1742 1379; x_wconf 84' lang='lat' dir='ltr'><strong>quaeretis</strong></span> <span class='ocrx_word' id='word_1_161' title='bbox 1755 1326 1819 1364; x_wconf 82' lang='lat' dir='ltr'><strong>me:</strong></span> <span class='ocrx_word' id='word_1_162' title='bbox 1840 1326 1899 1367; x_wconf 93' lang='lat' dir='ltr'><strong>nun</strong></span> 
     </span>
     <span class='ocr_line' id='line_1_13' title="bbox 134 1393 1902 1471; baseline 0 -15"><span class='ocrx_word' id='word_1_163' title='bbox 134 1398 234 1456; x_wconf 79' lang='lat' dir='ltr'><strong>demut</strong></span> <span class='ocrx_word' id='word_1_164' title='bbox 247 1399 298 1471; x_wconf 81' lang='lat' dir='ltr'><strong>(ld.</strong></span> <span class='ocrx_word' id='word_1_165' title='bbox 316 1415 395 1455; x_wconf 77' lang='lat' dir='ltr'><strong>euru.</strong></span> <span class='ocrx_word' id='word_1_166' title='bbox 412 1398 480 1470; x_wconf 81' lang='lat' dir='ltr'><strong>id).</strong></span> <span class='ocrx_word' id='word_1_167' title='bbox 1044 1393 1198 1465; x_wconf 89' lang='lat' dir='ltr'><strong>desiderio,</strong></span> <span class='ocrx_word' id='word_1_168' title='bbox 1214 1397 1262 1452; x_wconf 82' lang='lat' dir='ltr'><strong>sed</strong></span> <span class='ocrx_word' id='word_1_169' title='bbox 1278 1396 1354 1452; x_wconf 87' lang='lat' dir='ltr'><strong>odio.</strong></span> <span class='ocrx_word' id='word_1_170' title='bbox 1381 1396 1452 1455; x_wconf 87' lang='lat' dir='ltr'><strong>Nem</strong></span> <span class='ocrx_word' id='word_1_171' title='bbox 1468 1395 1550 1453; x_wconf 88' lang='lat' dir='ltr'><strong>illurn</strong></span> <span class='ocrx_word' id='word_1_172' title='bbox 1567 1402 1757 1470; x_wconf 72' lang='lat' dir='ltr'><strong>posteaquem</strong></span> <span class='ocrx_word' id='word_1_173' title='bbox 1772 1400 1902 1457; x_wconf 78' lang='lat' dir='ltr'><strong>elicesait</strong></span> 
     </span>
    </p>

    <p class='ocr_par' dir='ltr' id='par_1_7' title="bbox 133 1481 1901 1917">
     <span class='ocr_line' id='line_1_14' title="bbox 172 1481 1901 1563; baseline 0.001 -19"><span class='ocrx_word' id='word_1_174' title='bbox 172 1488 216 1545; x_wconf 85' lang='lat'><strong>10.</strong></span> <span class='ocrx_word' id='word_1_175' title='bbox 232 1487 434 1560; x_wconf 73' lang='lat' dir='ltr'><strong>mutationis,</strong></span> <span class='ocrx_word' id='word_1_176' title='bbox 445 1487 545 1545; x_wconf 82' lang='lat' dir='ltr'><strong>sibeno</strong></span> <span class='ocrx_word' id='word_1_177' title='bbox 564 1486 655 1545; x_wconf 87' lang='lat' dir='ltr'><strong>inille</strong></span> <span class='ocrx_word' id='word_1_178' title='bbox 670 1492 796 1562; x_wconf 80' lang='lat' dir='ltr'><strong>potestas</strong></span> <span class='ocrx_word' id='word_1_179' title='bbox 810 1492 882 1556; x_wconf 89' lang='lat' dir='ltr'><strong>erat,</strong></span> <span class='ocrx_word' id='word_1_180' title='bbox 893 1503 989 1558; x_wconf 84' lang='lat' dir='ltr'><strong>quare,</strong></span> <span class='ocrx_word' id='word_1_181' title='bbox 1044 1481 1081 1538; x_wconf 88' lang='lat' dir='ltr'><strong>ab</strong></span> <span class='ocrx_word' id='word_1_182' title='bbox 1095 1483 1188 1540; x_wconf 88' lang='lat' dir='ltr'><strong>oculis</strong></span> <span class='ocrx_word' id='word_1_183' title='bbox 1198 1484 1361 1553; x_wconf 88' lang='lat' dir='ltr'><strong>bominum,</strong></span> <span class='ocrx_word' id='word_1_184' title='bbox 1373 1484 1570 1558; x_wconf 89' lang='lat' dir='ltr'><strong>inquisierunt</strong></span> <span class='ocrx_word' id='word_1_185' title='bbox 1580 1487 1795 1560; x_wconf 88' lang='lat' dir='ltr'><strong>etquiudereot</strong></span> <span class='ocrx_word' id='word_1_186' title='bbox 1808 1492 1837 1544; x_wconf 90' lang='lat' dir='ltr'><strong>et</strong></span> <span class='ocrx_word' id='word_1_187' title='bbox 1847 1488 1901 1563; x_wconf 95' lang='lat' dir='ltr'><strong>qul</strong></span> 
     </span>
     <span class='ocr_line' id='line_1_15' title="bbox 134 1572 1899 1649; baseline -0.001 -13"><span class='ocrx_word' id='word_1_188' title='bbox 134 1592 203 1636; x_wconf 89' lang='lat' dir='ltr'><strong>oum</strong></span> <span class='ocrx_word' id='word_1_189' title='bbox 217 1576 309 1634; x_wconf 78' lang='lat' dir='ltr'><strong>indul</strong></span> <span class='ocrx_word' id='word_1_190' title='bbox 323 1576 497 1634; x_wconf 86' lang='lat' dir='ltr'><strong>insultarent</strong></span> <span class='ocrx_word' id='word_1_191' title='bbox 512 1577 687 1649; x_wconf 78' lang='lat' dir='ltr'><strong>prudentior</strong></span> <span class='ocrx_word' id='word_1_192' title='bbox 701 1577 840 1646; x_wconf 88' lang='lat' dir='ltr'><strong>dicerent,</strong></span> <span class='ocrx_word' id='word_1_193' title='bbox 856 1576 886 1633; x_wconf 88' lang='lat' dir='ltr'><strong>Si</strong></span> <span class='ocrx_word' id='word_1_194' title='bbox 901 1576 991 1635; x_wconf 76' lang='lat' dir='ltr'><strong>Filius</strong></span> <span class='ocrx_word' id='word_1_195' title='bbox 1043 1573 1182 1629; x_wconf 78' lang='lat' dir='ltr'><strong>emebant</strong></span> <span class='ocrx_word' id='word_1_196' title='bbox 1199 1590 1205 1629; x_wconf 92' lang='lat'>:</span> <span class='ocrx_word' id='word_1_197' title='bbox 1222 1573 1264 1629; x_wconf 88' lang='lat' dir='ltr'><strong>illi</strong></span> <span class='ocrx_word' id='word_1_198' title='bbox 1281 1575 1492 1648; x_wconf 87' lang='lat' dir='ltr'><strong>persequendo,</strong></span> <span class='ocrx_word' id='word_1_199' title='bbox 1508 1572 1551 1633; x_wconf 89' lang='lat' dir='ltr'><strong>illl</strong></span> <span class='ocrx_word' id='word_1_200' title='bbox 1573 1574 1681 1632; x_wconf 87' lang='lat' dir='ltr'><strong>habere</strong></span> <span class='ocrx_word' id='word_1_201' title='bbox 1696 1576 1849 1646; x_wconf 90' lang='lat' dir='ltr'><strong>cupiendo.</strong></span> <span class='ocrx_word' id='word_1_202' title='bbox 1866 1579 1899 1635; x_wconf 91' lang='lat' dir='ltr'><strong>ln</strong></span> 
     </span>
     <span class='ocr_line' id='line_1_16' title="bbox 134 1662 1901 1741; baseline 0.005 -17"><span class='ocrx_word' id='word_1_203' title='bbox 134 1666 184 1724; x_wconf 79' lang='lat' dir='ltr'><strong>Det</strong></span> <span class='ocrx_word' id='word_1_204' title='bbox 196 1665 404 1735; x_wconf 66' lang='lat' dir='ltr'><strong>caticumini</strong></span> <span class='ocrx_word' id='word_1_205' title='bbox 422 1666 455 1725; x_wconf 86' lang='lat' dir='ltr'><strong>de</strong></span> <span class='ocrx_word' id='word_1_206' title='bbox 466 1682 546 1723; x_wconf 85' lang='lat' dir='ltr'><strong>cruce</strong></span> <span class='ocrx_word' id='word_1_207' title='bbox 560 1666 665 1740; x_wconf 79' lang='lat' dir='ltr'><strong>(liniti.</strong></span> <span class='ocrx_word' id='word_1_208' title='bbox 682 1683 769 1735; x_wconf 84' lang='lat' dir='ltr'><strong>xxvrr,</strong></span> <span class='ocrx_word' id='word_1_209' title='bbox 786 1666 843 1740; x_wconf 75' lang='lat'><strong>40),</strong></span> <span class='ocrx_word' id='word_1_210' title='bbox 864 1682 920 1723; x_wconf 90' lang='lat' dir='ltr'><strong>oon</strong></span> <span class='ocrx_word' id='word_1_211' title='bbox 937 1667 989 1721; x_wconf 90' lang='lat' dir='ltr'><strong>de-</strong></span> <span class='ocrx_word' id='word_1_212' title='bbox 1045 1662 1165 1718; x_wconf 82' lang='lat' dir='ltr'><strong>rmtmia</strong></span> <span class='ocrx_word' id='word_1_213' title='bbox 1180 1663 1298 1735; x_wconf 83' lang='lat' dir='ltr'><strong>ellipse</strong></span> <span class='ocrx_word' id='word_1_214' title='bbox 1315 1663 1512 1735; x_wconf 88' lang='lat' dir='ltr'><strong>Dominusper</strong></span> <span class='ocrx_word' id='word_1_215' title='bbox 1526 1664 1710 1737; x_wconf 78' lang='lat' dir='ltr'><strong>prophetem,</strong></span> <span class='ocrx_word' id='word_1_216' title='bbox 1732 1665 1819 1724; x_wconf 70' lang='lat' dir='ltr'><strong>Pm&#39;t‘i</strong></span> <span class='ocrx_word' id='word_1_217' title='bbox 1831 1669 1901 1741; x_wconf 67' lang='lat' dir='ltr'><strong>leoli</strong></span> 
     </span>
     <span class='ocr_line' id='line_1_17' title="bbox 133 1753 1899 1828; baseline 0.001 -14"><span class='ocrx_word' id='word_1_218' title='bbox 133 1754 258 1818; x_wconf 79' lang='lat' dir='ltr'><strong>scandit.</strong></span> <span class='ocrx_word' id='word_1_219' title='bbox 274 1760 307 1812; x_wconf 89' lang='lat' dir='ltr'><strong>ut</strong></span> <span class='ocrx_word' id='word_1_220' title='bbox 322 1755 365 1813; x_wconf 88' lang='lat' dir='ltr'><strong>eis</strong></span> <span class='ocrx_word' id='word_1_221' title='bbox 379 1771 463 1812; x_wconf 84' lang='lat' dir='ltr'><strong>suem</strong></span> <span class='ocrx_word' id='word_1_222' title='bbox 484 1760 655 1828; x_wconf 88' lang='lat' dir='ltr'><strong>potestatem</strong></span> <span class='ocrx_word' id='word_1_223' title='bbox 680 1756 882 1812; x_wconf 87' lang='lat' dir='ltr'><strong>descendendo</strong></span> <span class='ocrx_word' id='word_1_224' title='bbox 902 1772 990 1812; x_wconf 64' lang='lat' dir='ltr'><strong>mon«</strong></span> <span class='ocrx_word' id='word_1_225' title='bbox 1042 1766 1125 1819; x_wconf 85' lang='lat' dir='ltr'><strong>ame,</strong></span> <span class='ocrx_word' id='word_1_226' title='bbox 1141 1758 1169 1808; x_wconf 85' lang='lat' dir='ltr'><strong>et</strong></span> <span class='ocrx_word' id='word_1_227' title='bbox 1187 1768 1242 1808; x_wconf 84' lang='lat' dir='ltr'><strong>nou</strong></span> <span class='ocrx_word' id='word_1_228' title='bbox 1264 1758 1305 1809; x_wconf 82' lang='lat' dir='ltr'><strong>est</strong></span> <span class='ocrx_word' id='word_1_229' title='bbox 1326 1753 1377 1826; x_wconf 86' lang='lat' dir='ltr'><strong>qui</strong></span> <span class='ocrx_word' id='word_1_230' title='bbox 1405 1754 1529 1826; x_wconf 81' lang='lat' dir='ltr'><strong>requiret</strong></span> <span class='ocrx_word' id='word_1_231' title='bbox 1550 1757 1674 1811; x_wconf 84' lang='lat' dir='ltr'><strong>unimam</strong></span> <span class='ocrx_word' id='word_1_232' title='bbox 1698 1770 1785 1813; x_wconf 81' lang='lat' dir='ltr'><strong>meum</strong></span> <span class='ocrx_word' id='word_1_233' title='bbox 1807 1754 1899 1825; x_wconf 83' lang='lat' dir='ltr'><strong>(Psoi.</strong></span> 
     </span>
     <span class='ocr_line' id='line_1_18' title="bbox 134 1840 1900 1917; baseline 0.002 -16"><span class='ocrx_word' id='word_1_234' title='bbox 134 1844 267 1901; x_wconf 83' lang='lat' dir='ltr'><strong>straretl</strong></span> <span class='ocrx_word' id='word_1_235' title='bbox 294 1842 367 1908; x_wconf 80' lang='lat' dir='ltr'><strong>Quia</strong></span> <span class='ocrx_word' id='word_1_236' title='bbox 381 1843 552 1917; x_wconf 88' lang='lat' dir='ltr'><strong>patientiam</strong></span> <span class='ocrx_word' id='word_1_237' title='bbox 576 1843 709 1914; x_wconf 88' lang='lat' dir='ltr'><strong>ducebat,</strong></span> <span class='ocrx_word' id='word_1_238' title='bbox 736 1843 801 1902; x_wconf 90' lang='lat' dir='ltr'><strong>iden</strong></span> <span class='ocrx_word' id='word_1_239' title='bbox 830 1843 988 1917; x_wconf 89' lang='lat' dir='ltr'><strong>potentiam</strong></span> <span class='ocrx_word' id='word_1_240' title='bbox 1043 1855 1116 1908; x_wconf 84' lang='lat' dir='ltr'><strong>uxor,</strong></span> <span class='ocrx_word' id='word_1_241' title='bbox 1126 1840 1173 1906; x_wconf 81' lang='lat' dir='ltr'><strong>bl:</strong></span> <span class='ocrx_word' id='word_1_242' title='bbox 1190 1847 1216 1897; x_wconf 90' lang='lat' dir='ltr'><strong>et</strong></span> <span class='ocrx_word' id='word_1_243' title='bbox 1229 1840 1337 1898; x_wconf 83' lang='lat' dir='ltr'><strong>iterum</strong></span> <span class='ocrx_word' id='word_1_244' title='bbox 1348 1842 1388 1899; x_wconf 90' lang='lat' dir='ltr'><strong>ait</strong></span> <span class='ocrx_word' id='word_1_245' title='bbox 1398 1844 1437 1900; x_wconf 91' lang='lat' dir='ltr'><strong>eit</strong></span> <span class='ocrx_word' id='word_1_246' title='bbox 1451 1841 1579 1901; x_wconf 87' lang='lat' dir='ltr'><strong>ellolooo</strong></span> <span class='ocrx_word' id='word_1_247' title='bbox 1591 1843 1620 1901; x_wconf 88' lang='lat' dir='ltr'><strong>lu</strong></span> <span class='ocrx_word' id='word_1_248' title='bbox 1631 1844 1761 1916; x_wconf 83' lang='lat' dir='ltr'><strong>Psalmo,</strong></span> <span class='ocrx_word' id='word_1_249' title='bbox 1773 1845 1900 1915; x_wconf 74' lang='lat' dir='ltr'><strong>coetuu-</strong></span> 
     </span>
    </p>
   </div>
   <div class='ocr_carea' id='block_1_6' title="bbox 31 1928 1898 2009">
    <p class='ocr_par' dir='ltr' id='par_1_8' title="bbox 31 1928 1898 2009">
     <span class='ocr_line' id='line_1_19' title="bbox 31 1928 1898 2009; baseline 0.004 -22"><span class='ocrx_word' id='word_1_250' title='bbox 31 2004 34 2009; x_wconf 85' lang='lat'><strong>.</strong></span> <span class='ocrx_word' id='word_1_251' title='bbox 133 1930 296 1988; x_wconf 85' lang='lat' dir='ltr'><strong>dltierebet.</strong></span> <span class='ocrx_word' id='word_1_252' title='bbox 316 1930 436 1988; x_wconf 82' lang='lat' dir='ltr'><strong>Siculm</strong></span> <span class='ocrx_word' id='word_1_253' title='bbox 452 1932 535 2003; x_wconf 90' lang='lat' dir='ltr'><strong>quasi</strong></span> <span class='ocrx_word' id='word_1_254' title='bbox 550 1935 716 1989; x_wconf 84' lang='lat' dir='ltr'><strong>commotus</strong></span> <span class='ocrx_word' id='word_1_255' title='bbox 735 1932 770 1988; x_wconf 89' lang='lat' dir='ltr'><strong>ad</strong></span> <span class='ocrx_word' id='word_1_256' title='bbox 786 1946 887 1988; x_wconf 89' lang='lat' dir='ltr'><strong>eorum</strong></span> <span class='ocrx_word' id='word_1_257' title='bbox 902 1931 990 1989; x_wconf 84' lang='lat' dir='ltr'><strong>verbe</strong></span> <span class='ocrx_word' id='word_1_258' title='bbox 1041 1928 1377 1989; x_wconf 81' lang='lat' dir='ltr'><strong>dunturetreoereontur</strong></span> <span class='ocrx_word' id='word_1_259' title='bbox 1391 1933 1696 2006; x_wconf 81' lang='lat' dir='ltr'><strong>requirmteeoaimam</strong></span> <span class='ocrx_word' id='word_1_260' title='bbox 1709 1936 1898 2008; x_wconf 77' lang='lat' dir='ltr'><strong>meomll’rul.</strong></span> 
     </span>
    </p>
   </div>
   <div class='ocr_carea' id='block_1_7' title="bbox 134 2019 1900 2098">
    <p class='ocr_par' dir='ltr' id='par_1_9' title="bbox 134 2019 1900 2098">
     <span class='ocr_line' id='line_1_20' title="bbox 134 2019 1900 2098; baseline 0.005 -20"><span class='ocrx_word' id='word_1_261' title='bbox 134 2021 329 2090; x_wconf 78' lang='lat' dir='ltr'><strong>descenderet,</strong></span> <span class='ocrx_word' id='word_1_262' title='bbox 355 2019 448 2078; x_wconf 85' lang='lat' dir='ltr'><strong>uictus</strong></span> <span class='ocrx_word' id='word_1_263' title='bbox 482 2020 676 2079; x_wconf 88' lang='lat' dir='ltr'><strong>conviciorum</strong></span> <span class='ocrx_word' id='word_1_264' title='bbox 700 2020 800 2080; x_wconf 89' lang='lat' dir='ltr'><strong>dolore</strong></span> <span class='ocrx_word' id='word_1_265' title='bbox 827 2025 988 2094; x_wconf 86' lang='lat' dir='ltr'><strong>putaretur.</strong></span> <span class='ocrx_word' id='word_1_266' title='bbox 1041 2035 1138 2091; x_wconf 82' lang='lat' dir='ltr'><strong>xxxix,</strong></span> <span class='ocrx_word' id='word_1_267' title='bbox 1151 2021 1205 2094; x_wconf 83' lang='lat'><strong>15).</strong></span> <span class='ocrx_word' id='word_1_268' title='bbox 1221 2021 1353 2095; x_wconf 78' lang='lat' dir='ltr'><strong>Culpavit</strong></span> <span class='ocrx_word' id='word_1_269' title='bbox 1376 2024 1426 2096; x_wconf 89' lang='lat' dir='ltr'><strong>qui</strong></span> <span class='ocrx_word' id='word_1_270' title='bbox 1450 2040 1508 2081; x_wconf 92' lang='lat' dir='ltr'><strong>non</strong></span> <span class='ocrx_word' id='word_1_271' title='bbox 1532 2025 1724 2098; x_wconf 80' lang='lat' dir='ltr'><strong>requirerent,</strong></span> <span class='ocrx_word' id='word_1_272' title='bbox 1748 2027 1900 2087; x_wconf 76' lang='lat' dir='ltr'><strong>domuerit</strong></span> 
     </span>
    </p>
   </div>
   <div class='ocr_carea' id='block_1_8' title="bbox 24 2110 1898 2193">
    <p class='ocr_par' dir='ltr' id='par_1_10' title="bbox 24 2110 1898 2193">
     <span class='ocr_line' id='line_1_21' title="bbox 24 2110 1898 2193; baseline 0.005 -25"><span class='ocrx_word' id='word_1_273' title='bbox 24 2128 29 2143; x_wconf 88' lang='lat'><strong>·</strong></span> <span class='ocrx_word' id='word_1_274' title='bbox 54 2188 58 2193; x_wconf 24' lang='grc' dir='ltr'>Ι</span> <span class='ocrx_word' id='word_1_275' title='bbox 133 2110 255 2169; x_wconf 82' lang='lat' dir='ltr'><strong>Prorsus</strong></span> <span class='ocrx_word' id='word_1_276' title='bbox 266 2126 324 2168; x_wconf 90' lang='lat' dir='ltr'><strong>nou</strong></span> <span class='ocrx_word' id='word_1_277' title='bbox 335 2110 497 2181; x_wconf 84' lang='lat' dir='ltr'><strong>descendit,</strong></span> <span class='ocrx_word' id='word_1_278' title='bbox 509 2112 584 2168; x_wconf 90' lang='lat' dir='ltr'><strong>tlxus</strong></span> <span class='ocrx_word' id='word_1_279' title='bbox 595 2112 762 2184; x_wconf 88' lang='lat' dir='ltr'><strong>permansit,</strong></span> <span class='ocrx_word' id='word_1_280' title='bbox 774 2112 890 2184; x_wconf 91' lang='lat' dir='ltr'><strong>quando</strong></span> <span class='ocrx_word' id='word_1_281' title='bbox 904 2110 990 2168; x_wconf 86' lang='lat' dir='ltr'><strong>vellet</strong></span> <span class='ocrx_word' id='word_1_282' title='bbox 1042 2111 1090 2181; x_wconf 89' lang='lat' dir='ltr'><strong>qui</strong></span> <span class='ocrx_word' id='word_1_283' title='bbox 1099 2112 1288 2183; x_wconf 83' lang='lat' dir='ltr'><strong>requirerent.</strong></span> <span class='ocrx_word' id='word_1_284' title='bbox 1301 2111 1408 2170; x_wconf 81' lang='lat' dir='ltr'><strong>Melum</strong></span> <span class='ocrx_word' id='word_1_285' title='bbox 1420 2113 1616 2171; x_wconf 83' lang='lat' dir='ltr'><strong>estenimncn</strong></span> <span class='ocrx_word' id='word_1_286' title='bbox 1628 2130 1756 2187; x_wconf 80' lang='lat' dir='ltr'><strong>querere</strong></span> <span class='ocrx_word' id='word_1_287' title='bbox 1766 2117 1898 2176; x_wconf 83' lang='lat' dir='ltr'><strong>animem</strong></span> 
     </span>
    </p>
   </div>
   <div class='ocr_carea' id='block_1_9' title="bbox 133 2198 1900 2280">
    <p class='ocr_par' dir='ltr' id='par_1_11' title="bbox 133 2198 1900 2280">
     <span class='ocr_line' id='line_1_22' title="bbox 133 2198 1900 2280; baseline 0.004 -21"><span class='ocrx_word' id='word_1_288' title='bbox 133 2200 337 2260; x_wconf 63' lang='lat' dir='ltr'><strong>amasaeorum</strong></span> <span class='ocrx_word' id='word_1_289' title='bbox 353 2202 426 2258; x_wconf 86' lang='lat' dir='ltr'><strong>Nem</strong></span> <span class='ocrx_word' id='word_1_290' title='bbox 443 2201 512 2274; x_wconf 92' lang='lat' dir='ltr'><strong>quid</strong></span> <span class='ocrx_word' id='word_1_291' title='bbox 528 2201 554 2258; x_wconf 90' lang='lat' dir='ltr'><strong>ei</strong></span> <span class='ocrx_word' id='word_1_292' title='bbox 570 2217 704 2272; x_wconf 85' lang='lat' dir='ltr'><strong>magnum</strong></span> <span class='ocrx_word' id='word_1_293' title='bbox 720 2201 776 2257; x_wconf 84' lang='lat' dir='ltr'><strong>fuit</strong></span> <span class='ocrx_word' id='word_1_294' title='bbox 790 2202 826 2259; x_wconf 88' lang='lat' dir='ltr'><strong>de</strong></span> <span class='ocrx_word' id='word_1_295' title='bbox 842 2217 926 2257; x_wconf 90' lang='lat' dir='ltr'><strong>cruce</strong></span> <span class='ocrx_word' id='word_1_296' title='bbox 941 2202 988 2257; x_wconf 89' lang='lat' dir='ltr'><strong>de·</strong></span> <span class='ocrx_word' id='word_1_297' title='bbox 1042 2198 1160 2268; x_wconf 80' lang='lat' dir='ltr'><strong>Christi,</strong></span> <span class='ocrx_word' id='word_1_298' title='bbox 1183 2201 1234 2258; x_wconf 87' lang='lat' dir='ltr'><strong>sed</strong></span> <span class='ocrx_word' id='word_1_299' title='bbox 1250 2203 1396 2272; x_wconf 87' lang='lat' dir='ltr'><strong>quomodo</strong></span> <span class='ocrx_word' id='word_1_300' title='bbox 1419 2219 1484 2260; x_wconf 89' lang='lat' dir='ltr'><strong>eam</strong></span> <span class='ocrx_word' id='word_1_301' title='bbox 1500 2203 1681 2276; x_wconf 82' lang='lat' dir='ltr'><strong>quesierunt</strong></span> <span class='ocrx_word' id='word_1_302' title='bbox 1695 2205 1851 2280; x_wconf 86' lang='lat' dir='ltr'><strong>discipuli;</strong></span> <span class='ocrx_word' id='word_1_303' title='bbox 1868 2214 1900 2268; x_wconf 86' lang='lat' dir='ltr'><strong>et</strong></span> 
     </span>
    </p>
   </div>
   <div class='ocr_carea' id='block_1_10' title="bbox 24 2287 1899 2369">
    <p class='ocr_par' dir='ltr' id='par_1_12' title="bbox 24 2287 1899 2369">
     <span class='ocr_line' id='line_1_23' title="bbox 24 2287 1899 2369; baseline 0.006 -24"><span class='ocrx_word' id='word_1_304' title='bbox 24 2328 29 2345; x_wconf 90' lang='lat'><strong>.</strong></span> <span class='ocrx_word' id='word_1_305' title='bbox 132 2289 282 2359; x_wconf 81' lang='lat' dir='ltr'><strong>accudere,</strong></span> <span class='ocrx_word' id='word_1_306' title='bbox 298 2290 347 2362; x_wconf 91' lang='lat' dir='ltr'><strong>qui</strong></span> <span class='ocrx_word' id='word_1_307' title='bbox 360 2291 639 2363; x_wconf 88' lang='lat' dir='ltr'><strong>potuitdesepulcro</strong></span> <span class='ocrx_word' id='word_1_308' title='bbox 652 2305 804 2364; x_wconf 76' lang='lat' dir='ltr'><strong>resurgere</strong></span> <span class='ocrx_word' id='word_1_309' title='bbox 816 2291 989 2361; x_wconf 84' lang='lat' dir='ltr'><strong>llntelliga-</strong></span> <span class='ocrx_word' id='word_1_310' title='bbox 1042 2287 1152 2345; x_wconf 85' lang='lat' dir='ltr'><strong>malum</strong></span> <span class='ocrx_word' id='word_1_311' title='bbox 1169 2294 1212 2347; x_wconf 86' lang='lat' dir='ltr'><strong>eet</strong></span> <span class='ocrx_word' id='word_1_312' title='bbox 1226 2307 1352 2364; x_wconf 78' lang='lat' dir='ltr'><strong>querere</strong></span> <span class='ocrx_word' id='word_1_313' title='bbox 1376 2292 1504 2350; x_wconf 88' lang='lat' dir='ltr'><strong>animem</strong></span> <span class='ocrx_word' id='word_1_314' title='bbox 1526 2293 1642 2364; x_wconf 81' lang='lat' dir='ltr'><strong>Christi,</strong></span> <span class='ocrx_word' id='word_1_315' title='bbox 1667 2295 1718 2352; x_wconf 86' lang='lat' dir='ltr'><strong>eed</strong></span> <span class='ocrx_word' id='word_1_316' title='bbox 1747 2298 1899 2369; x_wconf 89' lang='lat' dir='ltr'><strong>quomodo</strong></span> 
     </span>
    </p>
   </div>
   <div class='ocr_carea' id='block_1_11' title="bbox 131 2378 1899 2819">
    <p class='ocr_par' dir='ltr' id='par_1_13' title="bbox 131 2378 1899 2819">
     <span class='ocr_line' id='line_1_24' title="bbox 131 2378 1898 2456; baseline 0.005 -19"><span class='ocrx_word' id='word_1_317' title='bbox 131 2393 279 2452; x_wconf 83' lang='lat' dir='ltr'><strong>musergu</strong></span> <span class='ocrx_word' id='word_1_318' title='bbox 294 2395 353 2436; x_wconf 89' lang='lat' dir='ltr'><strong>non</strong></span> <span class='ocrx_word' id='word_1_319' title='bbox 368 2378 474 2453; x_wconf 78' lang='lat' dir='ltr'><strong>quibua</strong></span> <span class='ocrx_word' id='word_1_320' title='bbox 486 2379 746 2437; x_wconf 87' lang='lat' dir='ltr'><strong>bucministretum</strong></span> <span class='ocrx_word' id='word_1_321' title='bbox 757 2387 810 2449; x_wconf 89' lang='lat' dir='ltr'><strong>cst,</strong></span> <span class='ocrx_word' id='word_1_322' title='bbox 829 2381 988 2451; x_wconf 89' lang='lat' dir='ltr'><strong>potentiam</strong></span> <span class='ocrx_word' id='word_1_323' title='bbox 1042 2394 1105 2436; x_wconf 86' lang='lat' dir='ltr'><strong>cem</strong></span> <span class='ocrx_word' id='word_1_324' title='bbox 1120 2379 1212 2435; x_wconf 82' lang='lat' dir='ltr'><strong>iudai</strong></span> <span class='ocrx_word' id='word_1_325' title='bbox 1223 2380 1417 2452; x_wconf 83' lang='lat' dir='ltr'><strong>quaesierunt:</strong></span> <span class='ocrx_word' id='word_1_326' title='bbox 1432 2380 1476 2438; x_wconf 90' lang='lat' dir='ltr'><strong>illi</strong></span> <span class='ocrx_word' id='word_1_327' title='bbox 1494 2381 1574 2439; x_wconf 85' lang='lat' dir='ltr'><strong>enim</strong></span> <span class='ocrx_word' id='word_1_328' title='bbox 1589 2386 1621 2438; x_wconf 92' lang='lat' dir='ltr'><strong>ut</strong></span> <span class='ocrx_word' id='word_1_329' title='bbox 1635 2382 1786 2456; x_wconf 86' lang='lat' dir='ltr'><strong>habereut,</strong></span> <span class='ocrx_word' id='word_1_330' title='bbox 1802 2385 1852 2444; x_wconf 87' lang='lat' dir='ltr'><strong>lali</strong></span> <span class='ocrx_word' id='word_1_331' title='bbox 1863 2391 1898 2446; x_wconf 92' lang='lat' dir='ltr'><strong>ut</strong></span> 
     </span>
     <span class='ocr_line' id='line_1_25' title="bbox 131 2466 1896 2547; baseline 0.006 -22"><span class='ocrx_word' id='word_1_332' title='bbox 131 2466 248 2525; x_wconf 89' lang='lat' dir='ltr'><strong>Domini</strong></span> <span class='ocrx_word' id='word_1_333' title='bbox 260 2466 428 2525; x_wconf 85' lang='lat' dir='ltr'><strong>noatrilasu</strong></span> <span class='ocrx_word' id='word_1_334' title='bbox 438 2467 547 2526; x_wconf 84' lang='lat' dir='ltr'><strong>christi</strong></span> <span class='ocrx_word' id='word_1_335' title='bbox 558 2467 702 2525; x_wconf 90' lang='lat' dir='ltr'><strong>occultem</strong></span> <span class='ocrx_word' id='word_1_336' title='bbox 714 2471 793 2539; x_wconf 90' lang='lat' dir='ltr'><strong>tnnc,</strong></span> <span class='ocrx_word' id='word_1_337' title='bbox 804 2467 988 2526; x_wconf 75' lang='lat' dir='ltr'><strong>manifestam</strong></span> <span class='ocrx_word' id='word_1_338' title='bbox 1041 2469 1204 2543; x_wconf 88' lang='lat' dir='ltr'><strong>perderent.</strong></span> <span class='ocrx_word' id='word_1_339' title='bbox 1213 2471 1343 2545; x_wconf 88' lang='lat' dir='ltr'><strong>Denique</strong></span> <span class='ocrx_word' id='word_1_340' title='bbox 1354 2472 1401 2529; x_wconf 83' lang='lat' dir='ltr'><strong>isti</strong></span> <span class='ocrx_word' id='word_1_341' title='bbox 1412 2472 1481 2545; x_wconf 90' lang='lat' dir='ltr'><strong>quie</strong></span> <span class='ocrx_word' id='word_1_342' title='bbox 1491 2474 1535 2531; x_wconf 86' lang='lat' dir='ltr'><strong>uic</strong></span> <span class='ocrx_word' id='word_1_343' title='bbox 1545 2474 1800 2546; x_wconf 79' lang='lat' dir='ltr'><strong>querebantmure</strong></span> <span class='ocrx_word' id='word_1_344' title='bbox 1807 2478 1896 2547; x_wconf 83' lang='lat' dir='ltr'><strong>mela,</strong></span> 
     </span>
     <span class='ocr_line' id='line_1_26' title="bbox 132 2554 1896 2637; baseline 0.007 -25"><span class='ocrx_word' id='word_1_345' title='bbox 132 2555 262 2613; x_wconf 86' lang='lat' dir='ltr'><strong>iuturam</strong></span> <span class='ocrx_word' id='word_1_346' title='bbox 273 2555 303 2611; x_wconf 91' lang='lat' dir='ltr'><strong>in</strong></span> <span class='ocrx_word' id='word_1_347' title='bbox 314 2554 428 2626; x_wconf 92' lang='lat' dir='ltr'><strong>judlcio</strong></span> <span class='ocrx_word' id='word_1_348' title='bbox 444 2572 451 2612; x_wconf 93' lang='lat'><strong>:</strong></span> <span class='ocrx_word' id='word_1_349' title='bbox 468 2555 503 2612; x_wconf 93' lang='lat' dir='ltr'><strong>de</strong></span> <span class='ocrx_word' id='word_1_350' title='bbox 518 2572 576 2629; x_wconf 93' lang='lat' dir='ltr'><strong>quo</strong></span> <span class='ocrx_word' id='word_1_351' title='bbox 591 2556 701 2614; x_wconf 88' lang='lat' dir='ltr'><strong>dictum</strong></span> <span class='ocrx_word' id='word_1_352' title='bbox 716 2560 769 2625; x_wconf 89' lang='lat' dir='ltr'><strong>est,</strong></span> <span class='ocrx_word' id='word_1_353' title='bbox 786 2557 853 2614; x_wconf 79' lang='lat' dir='ltr'><strong>Deus</strong></span> <span class='ocrx_word' id='word_1_354' title='bbox 867 2558 988 2626; x_wconf 71' lang='lat' dir='ltr'><strong>mouise·</strong></span> <span class='ocrx_word' id='word_1_355' title='bbox 1042 2561 1128 2618; x_wconf 86' lang='lat' dir='ltr'><strong>corda</strong></span> <span class='ocrx_word' id='word_1_356' title='bbox 1142 2574 1285 2633; x_wconf 85' lang='lat' dir='ltr'><strong>perversu,</strong></span> <span class='ocrx_word' id='word_1_357' title='bbox 1301 2562 1371 2634; x_wconf 91' lang='lat' dir='ltr'><strong>quid</strong></span> <span class='ocrx_word' id='word_1_358' title='bbox 1391 2568 1510 2620; x_wconf 88' lang='lat' dir='ltr'><strong>secutus</strong></span> <span class='ocrx_word' id='word_1_359' title='bbox 1524 2564 1681 2636; x_wconf 77' lang='lat' dir='ltr'><strong>adjunxit?</strong></span> <span class='ocrx_word' id='word_1_360' title='bbox 1696 2566 1827 2634; x_wconf 68' lang='lat' dir='ltr'><strong>Querctie</strong></span> <span class='ocrx_word' id='word_1_361' title='bbox 1840 2582 1896 2637; x_wconf 83' lang='lat' dir='ltr'><strong>me,</strong></span> 
     </span>
     <span class='ocr_line' id='line_1_27' title="bbox 132 2643 1898 2727; baseline 0.008 -26"><span class='ocrx_word' id='word_1_362' title='bbox 132 2643 298 2712; x_wconf 78' lang='lat' dir='ltr'><strong>elusumiet,</strong></span> <span class='ocrx_word' id='word_1_363' title='bbox 317 2644 386 2701; x_wconf 83' lang='lat' dir='ltr'><strong>Deus</strong></span> <span class='ocrx_word' id='word_1_364' title='bbox 409 2649 501 2700; x_wconf 80' lang='lat' dir='ltr'><strong>uester</strong></span> <span class='ocrx_word' id='word_1_365' title='bbox 513 2648 539 2702; x_wconf 82' lang='lat' dir='ltr'><strong>et</strong></span> <span class='ocrx_word' id='word_1_366' title='bbox 552 2660 609 2700; x_wconf 83' lang='lat' dir='ltr'><strong>nou</strong></span> <span class='ocrx_word' id='word_1_367' title='bbox 631 2643 722 2701; x_wconf 83' lang='lat' dir='ltr'><strong>silebit</strong></span> <span class='ocrx_word' id='word_1_368' title='bbox 745 2644 834 2717; x_wconf 79' lang='lat' dir='ltr'><strong>(Psoi.</strong></span> <span class='ocrx_word' id='word_1_369' title='bbox 858 2662 933 2714; x_wconf 83' lang='lat' dir='ltr'><strong>xarx,</strong></span> <span class='ocrx_word' id='word_1_370' title='bbox 948 2644 987 2716; x_wconf 87' lang='lat'><strong>3).</strong></span> <span class='ocrx_word' id='word_1_371' title='bbox 1041 2658 1078 2720; x_wconf 80' lang='lat' dir='ltr'><strong>et,</strong></span> <span class='ocrx_word' id='word_1_372' title='bbox 1089 2665 1126 2706; x_wconf 89' lang='lat' dir='ltr'><strong>nc</strong></span> <span class='ocrx_word' id='word_1_373' title='bbox 1141 2651 1327 2723; x_wconf 84' lang='lat' dir='ltr'><strong>putatisquia</strong></span> <span class='ocrx_word' id='word_1_374' title='bbox 1341 2652 1416 2709; x_wconf 85' lang='lat' dir='ltr'><strong>boue</strong></span> <span class='ocrx_word' id='word_1_375' title='bbox 1428 2669 1473 2710; x_wconf 88' lang='lat' dir='ltr'><strong>ms</strong></span> <span class='ocrx_word' id='word_1_376' title='bbox 1491 2654 1630 2726; x_wconf 77' lang='lat' dir='ltr'><strong>queritis,</strong></span> <span class='ocrx_word' id='word_1_377' title='bbox 1641 2656 1673 2712; x_wconf 84' lang='lat' dir='ltr'><strong>iu</strong></span> <span class='ocrx_word' id='word_1_378' title='bbox 1687 2660 1795 2727; x_wconf 82' lang='lat' dir='ltr'><strong>peccato</strong></span> <span class='ocrx_word' id='word_1_379' title='bbox 1807 2666 1898 2716; x_wconf 79' lang='lat' dir='ltr'><strong>oestro</strong></span> 
     </span>
     <span class='ocr_line' id='line_1_28' title="bbox 133 2732 1899 2819; baseline 0.009 -31"><span class='ocrx_word' id='word_1_380' title='bbox 133 2732 208 2799; x_wconf 83' lang='lat' dir='ltr'><strong>Quid</strong></span> <span class='ocrx_word' id='word_1_381' title='bbox 217 2736 272 2800; x_wconf 87' lang='lat' dir='ltr'><strong>est,</strong></span> <span class='ocrx_word' id='word_1_382' title='bbox 279 2734 441 2804; x_wconf 70' lang='lat' dir='ltr'><strong>manifestus</strong></span> <span class='ocrx_word' id='word_1_383' title='bbox 451 2735 541 2790; x_wconf 83' lang='lat' dir='ltr'><strong>ueniet</strong></span> <span class='ocrx_word' id='word_1_384' title='bbox 552 2732 646 2798; x_wconf 78' lang='lat' dir='ltr'><strong>iouia</strong></span> <span class='ocrx_word' id='word_1_385' title='bbox 655 2735 885 2804; x_wconf 85' lang='lat' dir='ltr'><strong>veuitocoultus,</strong></span> <span class='ocrx_word' id='word_1_386' title='bbox 893 2735 990 2791; x_wconf 81' lang='lat' dir='ltr'><strong>ueniet</strong></span> <span class='ocrx_word' id='word_1_387' title='bbox 1040 2741 1206 2797; x_wconf 74' lang='lat' dir='ltr'><strong>morienimi.</strong></span> <span class='ocrx_word' id='word_1_388' title='bbox 1223 2739 1282 2798; x_wconf 83' lang='lat' dir='ltr'><strong>Huc</strong></span> <span class='ocrx_word' id='word_1_389' title='bbox 1295 2744 1340 2798; x_wconf 88' lang='lat' dir='ltr'><strong>est</strong></span> <span class='ocrx_word' id='word_1_390' title='bbox 1354 2739 1499 2800; x_wconf 79' lang='lat' dir='ltr'><strong>Christum</strong></span> <span class='ocrx_word' id='word_1_391' title='bbox 1515 2743 1713 2818; x_wconf 75' lang='lat' dir='ltr'><strong>malequam,</strong></span> <span class='ocrx_word' id='word_1_392' title='bbox 1733 2746 1763 2802; x_wconf 92' lang='lat' dir='ltr'><strong>iu</strong></span> <span class='ocrx_word' id='word_1_393' title='bbox 1779 2751 1899 2819; x_wconf 84' lang='lat' dir='ltr'><strong>peccato</strong></span> 
     </span>
    </p>
   </div>
   <div class='ocr_carea' id='block_1_12' title="bbox 135 2821 990 3164">
    <p class='ocr_par' dir='ltr' id='par_1_14' title="bbox 135 2821 990 3164">
     <span class='ocr_line' id='line_1_29' title="bbox 135 2821 989 2893; baseline 0.005 -15"><span class='ocrx_word' id='word_1_394' title='bbox 135 2821 310 2879; x_wconf 89' lang='lat' dir='ltr'><strong>manilestus</strong></span> <span class='ocrx_word' id='word_1_395' title='bbox 320 2821 514 2893; x_wconf 85' lang='lat' dir='ltr'><strong>Deusnuster,</strong></span> <span class='ocrx_word' id='word_1_396' title='bbox 529 2821 583 2879; x_wconf 90' lang='lat' dir='ltr'><strong>boc</strong></span> <span class='ocrx_word' id='word_1_397' title='bbox 593 2826 638 2879; x_wconf 87' lang='lat' dir='ltr'><strong>est</strong></span> <span class='ocrx_word' id='word_1_398' title='bbox 651 2822 796 2880; x_wconf 82' lang='lat' dir='ltr'><strong>Christus.</strong></span> <span class='ocrx_word' id='word_1_399' title='bbox 812 2826 845 2881; x_wconf 83' lang='lat' dir='ltr'><strong>lit</strong></span> <span class='ocrx_word' id='word_1_400' title='bbox 859 2822 989 2882; x_wconf 78' lang='lat' dir='ltr'><strong>rreusile·</strong></span> 
     </span>
     <span class='ocr_line' id='line_1_30' title="bbox 136 2909 987 2984; baseline 0.005 -17"><span class='ocrx_word' id='word_1_401' title='bbox 136 2909 195 2968; x_wconf 85' lang='lat' dir='ltr'><strong>lit:</strong></span> <span class='ocrx_word' id='word_1_402' title='bbox 210 2910 351 2982; x_wconf 88' lang='lat' dir='ltr'><strong>quidest,</strong></span> <span class='ocrx_word' id='word_1_403' title='bbox 367 2926 423 2968; x_wconf 82' lang='lat' dir='ltr'><strong>uon</strong></span> <span class='ocrx_word' id='word_1_404' title='bbox 436 2911 550 2968; x_wconf 79' lang='lat' dir='ltr'><strong>silebit?</strong></span> <span class='ocrx_word' id='word_1_405' title='bbox 563 2911 637 2977; x_wconf 83' lang='lat' dir='ltr'><strong>Quia</strong></span> <span class='ocrx_word' id='word_1_406' title='bbox 656 2912 750 2984; x_wconf 90' lang='lat' dir='ltr'><strong>primo</strong></span> <span class='ocrx_word' id='word_1_407' title='bbox 761 2912 852 2970; x_wconf 87' lang='lat' dir='ltr'><strong>siluit.</strong></span> <span class='ocrx_word' id='word_1_408' title='bbox 874 2912 927 2970; x_wconf 90' lang='lat' dir='ltr'><strong>Ubi</strong></span> <span class='ocrx_word' id='word_1_409' title='bbox 943 2915 987 2972; x_wconf 91' lang='lat' dir='ltr'><strong>al·</strong></span> 
     </span>
     <span class='ocr_line' id='line_1_31' title="bbox 136 2998 988 3073; baseline 0.004 -17"><span class='ocrx_word' id='word_1_410' title='bbox 136 2998 191 3058; x_wconf 90' lang='lat' dir='ltr'><strong>luit</strong></span> <span class='ocrx_word' id='word_1_411' title='bbox 205 2998 508 3072; x_wconf 82' lang='lat' dir='ltr'><strong>lQuandojudicatus</strong></span> <span class='ocrx_word' id='word_1_412' title='bbox 519 3004 580 3070; x_wconf 84' lang='lat' dir='ltr'><strong>eet;</strong></span> <span class='ocrx_word' id='word_1_413' title='bbox 598 3001 726 3058; x_wconf 91' lang='lat' dir='ltr'><strong>utetiam</strong></span> <span class='ocrx_word' id='word_1_414' title='bbox 738 3001 792 3059; x_wconf 91' lang='lat' dir='ltr'><strong>boo</strong></span> <span class='ocrx_word' id='word_1_415' title='bbox 806 3001 988 3073; x_wconf 88' lang='lat' dir='ltr'><strong>impleretur,</strong></span> 
     </span>
     <span class='ocr_line' id='line_1_32' title="bbox 137 3089 990 3164; baseline 0.005 -19"><span class='ocrx_word' id='word_1_416' title='bbox 137 3089 215 3163; x_wconf 92' lang='lat' dir='ltr'><strong>quod</strong></span> <span class='ocrx_word' id='word_1_417' title='bbox 226 3096 253 3147; x_wconf 89' lang='lat' dir='ltr'><strong>et</strong></span> <span class='ocrx_word' id='word_1_418' title='bbox 267 3090 407 3164; x_wconf 90' lang='lat' dir='ltr'><strong>propbeta</strong></span> <span class='ocrx_word' id='word_1_419' title='bbox 429 3091 608 3164; x_wconf 77' lang='lat' dir='ltr'><strong>predixerat,</strong></span> <span class='ocrx_word' id='word_1_420' title='bbox 624 3090 701 3148; x_wconf 87' lang='lat' dir='ltr'><strong>Sicut</strong></span> <span class='ocrx_word' id='word_1_421' title='bbox 715 3091 772 3149; x_wconf 81' lang='lat' dir='ltr'><strong>ovis</strong></span> <span class='ocrx_word' id='word_1_422' title='bbox 790 3092 826 3147; x_wconf 81' lang='lat' dir='ltr'><strong>acl</strong></span> <span class='ocrx_word' id='word_1_423' title='bbox 843 3092 990 3149; x_wconf 87' lang='lat' dir='ltr'><strong>immolau-</strong></span> 
     </span>
    </p>
   </div>
   <div class='ocr_carea' id='block_1_13' title="bbox 23 3164 989 3249">
    <p class='ocr_par' dir='ltr' id='par_1_15' title="bbox 23 3164 989 3249">
     <span class='ocr_line' id='line_1_33' title="bbox 23 3164 989 3249; baseline 0.004 -15"><span class='ocrx_word' id='word_1_424' title='bbox 23 3164 28 3185; x_wconf 77' lang='lat'>&#39;</span> <span class='ocrx_word' id='word_1_425' title='bbox 136 3180 203 3235; x_wconf 83' lang='lat' dir='ltr'><strong>dum</strong></span> <span class='ocrx_word' id='word_1_426' title='bbox 216 3177 314 3236; x_wconf 77' lang='lat' dir='ltr'><strong>ductus</strong></span> <span class='ocrx_word' id='word_1_427' title='bbox 336 3183 384 3248; x_wconf 82' lang='lat' dir='ltr'><strong>eet,</strong></span> <span class='ocrx_word' id='word_1_428' title='bbox 400 3183 426 3234; x_wconf 80' lang='lat' dir='ltr'><strong>et</strong></span> <span class='ocrx_word' id='word_1_429' title='bbox 447 3178 517 3236; x_wconf 82' lang='lat' dir='ltr'><strong>sicut</strong></span> <span class='ocrx_word' id='word_1_430' title='bbox 539 3196 627 3249; x_wconf 78' lang='lat' dir='ltr'><strong>ugnus</strong></span> <span class='ocrx_word' id='word_1_431' title='bbox 645 3196 737 3236; x_wconf 84' lang='lat' dir='ltr'><strong>corum</strong></span> <span class='ocrx_word' id='word_1_432' title='bbox 751 3181 989 3239; x_wconf 72' lang='lat' dir='ltr'><strong>tondentemeims</strong></span> 
     </span>
    </p>
   </div>
   <div class='ocr_carea' id='block_1_14' title="bbox 89 3269 989 4487">
    <p class='ocr_par' dir='ltr' id='par_1_16' title="bbox 89 3269 989 4487">
     <span class='ocr_line' id='line_1_34' title="bbox 89 3269 989 3343; baseline 0.004 -20"><span class='ocrx_word' id='word_1_433' title='bbox 89 3308 94 3323; x_wconf 91' lang='lat'><strong>.</strong></span> <span class='ocrx_word' id='word_1_434' title='bbox 135 3282 210 3338; x_wconf 85' lang='lat' dir='ltr'><strong>occe,</strong></span> <span class='ocrx_word' id='word_1_435' title='bbox 225 3269 265 3325; x_wconf 86' lang='lat' dir='ltr'><strong>aie</strong></span> <span class='ocrx_word' id='word_1_436' title='bbox 278 3282 332 3325; x_wconf 84' lang='lat' dir='ltr'><strong>uon</strong></span> <span class='ocrx_word' id='word_1_437' title='bbox 348 3270 458 3340; x_wconf 86' lang='lat' dir='ltr'><strong>operuit</strong></span> <span class='ocrx_word' id='word_1_438' title='bbox 473 3284 501 3324; x_wconf 83' lang='lat' dir='ltr'><strong>os</strong></span> <span class='ocrx_word' id='word_1_439' title='bbox 514 3284 595 3324; x_wconf 83' lang='lat' dir='ltr'><strong>suum</strong></span> <span class='ocrx_word' id='word_1_440' title='bbox 618 3269 693 3342; x_wconf 82' lang='lat' dir='ltr'><strong>(leui.</strong></span> <span class='ocrx_word' id='word_1_441' title='bbox 715 3284 776 3335; x_wconf 81' lang='lat' dir='ltr'><strong>aru,</strong></span> <span class='ocrx_word' id='word_1_442' title='bbox 800 3271 840 3342; x_wconf 84' lang='lat'><strong>7).</strong></span> <span class='ocrx_word' id='word_1_443' title='bbox 866 3270 896 3327; x_wconf 88' lang='lat' dir='ltr'><strong>Si</strong></span> <span class='ocrx_word' id='word_1_444' title='bbox 920 3285 989 3343; x_wconf 89' lang='lat' dir='ltr'><strong>ergo</strong></span> 
     </span>
     <span class='ocr_line' id='line_1_35' title="bbox 135 3355 988 3433; baseline 0.005 -19"><span class='ocrx_word' id='word_1_445' title='bbox 135 3355 194 3430; x_wconf 86' lang='lat' dir='ltr'><strong>peti</strong></span> <span class='ocrx_word' id='word_1_446' title='bbox 209 3356 309 3426; x_wconf 88' lang='lat' dir='ltr'><strong>nollet,</strong></span> <span class='ocrx_word' id='word_1_447' title='bbox 325 3374 382 3415; x_wconf 91' lang='lat' dir='ltr'><strong>non</strong></span> <span class='ocrx_word' id='word_1_448' title='bbox 399 3361 562 3428; x_wconf 87' lang='lat' dir='ltr'><strong>pateretur;</strong></span> <span class='ocrx_word' id='word_1_449' title='bbox 578 3359 603 3416; x_wconf 92' lang='lat' dir='ltr'><strong>si</strong></span> <span class='ocrx_word' id='word_1_450' title='bbox 619 3377 677 3416; x_wconf 90' lang='lat' dir='ltr'><strong>nou</strong></span> <span class='ocrx_word' id='word_1_451' title='bbox 692 3364 851 3432; x_wconf 88' lang='lat' dir='ltr'><strong>pateretur,</strong></span> <span class='ocrx_word' id='word_1_452' title='bbox 866 3361 988 3433; x_wconf 86' lang='lat' dir='ltr'><strong>sanguis</strong></span> 
     </span>
     <span class='ocr_line' id='line_1_36' title="bbox 133 3444 986 3522; baseline 0.007 -21"><span class='ocrx_word' id='word_1_453' title='bbox 133 3444 185 3503; x_wconf 88' lang='lat' dir='ltr'><strong>ille</strong></span> <span class='ocrx_word' id='word_1_454' title='bbox 199 3462 256 3504; x_wconf 91' lang='lat' dir='ltr'><strong>nou</strong></span> <span class='ocrx_word' id='word_1_455' title='bbox 273 3446 442 3505; x_wconf 82' lang='lat' dir='ltr'><strong>tunderetur</strong></span> <span class='ocrx_word' id='word_1_456' title='bbox 458 3465 465 3517; x_wconf 90' lang='lat'><strong>;</strong></span> <span class='ocrx_word' id='word_1_457' title='bbox 481 3450 506 3504; x_wconf 89' lang='lat' dir='ltr'><strong>si</strong></span> <span class='ocrx_word' id='word_1_458' title='bbox 522 3448 644 3522; x_wconf 84' lang='lat' dir='ltr'><strong>eanguie</strong></span> <span class='ocrx_word' id='word_1_459' title='bbox 669 3448 718 3506; x_wconf 91' lang='lat' dir='ltr'><strong>ille</strong></span> <span class='ocrx_word' id='word_1_460' title='bbox 733 3466 790 3507; x_wconf 92' lang='lat' dir='ltr'><strong>uun</strong></span> <span class='ocrx_word' id='word_1_461' title='bbox 807 3450 986 3522; x_wconf 82' lang='lat' dir='ltr'><strong>tunderetur,</strong></span> 
     </span>
     <span class='ocr_line' id='line_1_37' title="bbox 133 3536 988 3613; baseline 0.008 -21"><span class='ocrx_word' id='word_1_462' title='bbox 133 3536 263 3594; x_wconf 86' lang='lat' dir='ltr'><strong>ruaudus</strong></span> <span class='ocrx_word' id='word_1_463' title='bbox 277 3553 336 3593; x_wconf 91' lang='lat' dir='ltr'><strong>non</strong></span> <span class='ocrx_word' id='word_1_464' title='bbox 356 3537 558 3594; x_wconf 88' lang='lat' dir='ltr'><strong>redimeretur.</strong></span> <span class='ocrx_word' id='word_1_465' title='bbox 581 3540 710 3611; x_wconf 76' lang='lat' dir='ltr'><strong>rigemus</strong></span> <span class='ocrx_word' id='word_1_466' title='bbox 726 3539 826 3612; x_wconf 90' lang='lat' dir='ltr'><strong>itaque</strong></span> <span class='ocrx_word' id='word_1_467' title='bbox 839 3540 948 3613; x_wconf 85' lang='lat' dir='ltr'><strong>gratius</strong></span> <span class='ocrx_word' id='word_1_468' title='bbox 961 3549 988 3599; x_wconf 89' lang='lat' dir='ltr'><strong>et</strong></span> 
     </span>
     <span class='ocr_line' id='line_1_38' title="bbox 134 3624 986 3700; baseline 0.006 -17"><span class='ocrx_word' id='word_1_469' title='bbox 134 3626 270 3698; x_wconf 79' lang='lat' dir='ltr'><strong>potestati</strong></span> <span class='ocrx_word' id='word_1_470' title='bbox 284 3624 457 3695; x_wconf 84' lang='lat' dir='ltr'><strong>diuinitatis,</strong></span> <span class='ocrx_word' id='word_1_471' title='bbox 476 3632 505 3683; x_wconf 92' lang='lat' dir='ltr'><strong>et</strong></span> <span class='ocrx_word' id='word_1_472' title='bbox 519 3628 697 3684; x_wconf 82' lang='lat' dir='ltr'><strong>miserationi</strong></span> <span class='ocrx_word' id='word_1_473' title='bbox 713 3628 892 3685; x_wconf 74' lang='lat' dir='ltr'><strong>infirmitatis</strong></span> <span class='ocrx_word' id='word_1_474' title='bbox 903 3631 986 3700; x_wconf 84' lang='lat' dir='ltr'><strong>ejus:</strong></span> 
     </span>
     <span class='ocr_line' id='line_1_39' title="bbox 132 3715 989 3789; baseline 0.006 -17"><span class='ocrx_word' id='word_1_475' title='bbox 132 3715 464 3788; x_wconf 87' lang='lat' dir='ltr'><strong>etdeoccultapotontia</strong></span> <span class='ocrx_word' id='word_1_476' title='bbox 474 3734 561 3789; x_wconf 91' lang='lat' dir='ltr'><strong>quem</strong></span> <span class='ocrx_word' id='word_1_477' title='bbox 572 3717 665 3775; x_wconf 80' lang='lat' dir='ltr'><strong>iudai</strong></span> <span class='ocrx_word' id='word_1_478' title='bbox 677 3734 735 3774; x_wconf 92' lang='lat' dir='ltr'><strong>non</strong></span> <span class='ocrx_word' id='word_1_479' title='bbox 751 3720 989 3786; x_wconf 65' lang='lat' dir='ltr'><strong>aucmentando</strong></span> 
     </span>
     <span class='ocr_line' id='line_1_40' title="bbox 133 3802 987 3880; baseline 0.007 -22"><span class='ocrx_word' id='word_1_480' title='bbox 133 3802 191 3859; x_wconf 83' lang='lat' dir='ltr'><strong>illis</strong></span> <span class='ocrx_word' id='word_1_481' title='bbox 206 3805 293 3861; x_wconf 90' lang='lat' dir='ltr'><strong>modo</strong></span> <span class='ocrx_word' id='word_1_482' title='bbox 308 3805 417 3862; x_wconf 88' lang='lat' dir='ltr'><strong>dietum</strong></span> <span class='ocrx_word' id='word_1_483' title='bbox 433 3810 485 3872; x_wconf 85' lang='lat' dir='ltr'><strong>est,</strong></span> <span class='ocrx_word' id='word_1_484' title='bbox 502 3808 591 3879; x_wconf 83' lang='lat' dir='ltr'><strong>Neque</strong></span> <span class='ocrx_word' id='word_1_485' title='bbox 604 3822 647 3863; x_wconf 77' lang='lat' dir='ltr'><strong>rue</strong></span> <span class='ocrx_word' id='word_1_486' title='bbox 661 3808 757 3876; x_wconf 82' lang='lat' dir='ltr'><strong>ucetia,</strong></span> <span class='ocrx_word' id='word_1_487' title='bbox 771 3822 859 3880; x_wconf 82' lang='lat' dir='ltr'><strong>neque</strong></span> <span class='ocrx_word' id='word_1_488' title='bbox 876 3808 987 3864; x_wconf 85' lang='lat' dir='ltr'><strong>Putrem</strong></span> 
     </span>
     <span class='ocr_line' id='line_1_41' title="bbox 132 3891 988 3967; baseline 0.009 -21"><span class='ocrx_word' id='word_1_489' title='bbox 132 3906 247 3955; x_wconf 60' lang='lat' dir='ltr'><strong>meeum</strong></span> <span class='ocrx_word' id='word_1_490' title='bbox 258 3896 287 3948; x_wconf 91' lang='lat' dir='ltr'><strong>et</strong></span> <span class='ocrx_word' id='word_1_491' title='bbox 300 3891 337 3949; x_wconf 92' lang='lat' dir='ltr'><strong>de</strong></span> <span class='ocrx_word' id='word_1_492' title='bbox 347 3909 433 3951; x_wconf 86' lang='lat' dir='ltr'><strong>carne</strong></span> <span class='ocrx_word' id='word_1_493' title='bbox 448 3898 584 3966; x_wconf 86' lang='lat' dir='ltr'><strong>suscepta</strong></span> <span class='ocrx_word' id='word_1_494' title='bbox 594 3911 682 3967; x_wconf 91' lang='lat' dir='ltr'><strong>quarn</strong></span> <span class='ocrx_word' id='word_1_495' title='bbox 692 3894 786 3951; x_wconf 81' lang='lat' dir='ltr'><strong>iudei</strong></span> <span class='ocrx_word' id='word_1_496' title='bbox 798 3901 949 3966; x_wconf 84' lang='lat' dir='ltr'><strong>novarent,</strong></span> <span class='ocrx_word' id='word_1_497' title='bbox 959 3900 988 3955; x_wconf 89' lang='lat' dir='ltr'><strong>et</strong></span> 
     </span>
     <span class='ocr_line' id='line_1_42' title="bbox 134 3978 989 4056; baseline 0.012 -24"><span class='ocrx_word' id='word_1_498' title='bbox 134 3978 221 4050; x_wconf 85' lang='lat' dir='ltr'><strong>cujus</strong></span> <span class='ocrx_word' id='word_1_499' title='bbox 235 3980 359 4050; x_wconf 89' lang='lat' dir='ltr'><strong>petriam</strong></span> <span class='ocrx_word' id='word_1_500' title='bbox 374 3982 525 4051; x_wconf 86' lang='lat' dir='ltr'><strong>sciebant;</strong></span> <span class='ocrx_word' id='word_1_501' title='bbox 542 3985 620 4040; x_wconf 90' lang='lat' dir='ltr'><strong>unde</strong></span> <span class='ocrx_word' id='word_1_502' title='bbox 635 3982 693 4040; x_wconf 89' lang='lat' dir='ltr'><strong>lllis</strong></span> <span class='ocrx_word' id='word_1_503' title='bbox 708 3984 765 4041; x_wconf 89' lang='lat' dir='ltr'><strong>elio</strong></span> <span class='ocrx_word' id='word_1_504' title='bbox 780 3984 843 4043; x_wconf 92' lang='lat' dir='ltr'><strong>loca</strong></span> <span class='ocrx_word' id='word_1_505' title='bbox 863 3985 946 4056; x_wconf 88' lang='lat' dir='ltr'><strong>dixit,</strong></span> <span class='ocrx_word' id='word_1_506' title='bbox 956 3986 989 4042; x_wconf 76' lang='lat' dir='ltr'><strong>Et</strong></span> 
     </span>
     <span class='ocr_line' id='line_1_43' title="bbox 132 4067 989 4147; baseline 0.011 -24"><span class='ocrx_word' id='word_1_507' title='bbox 132 4082 177 4123; x_wconf 88' lang='lat' dir='ltr'><strong>mc</strong></span> <span class='ocrx_word' id='word_1_508' title='bbox 192 4067 289 4136; x_wconf 83' lang='lat' dir='ltr'><strong>uestis,</strong></span> <span class='ocrx_word' id='word_1_509' title='bbox 300 4072 325 4124; x_wconf 88' lang='lat' dir='ltr'><strong>el</strong></span> <span class='ocrx_word' id='word_1_510' title='bbox 335 4069 408 4126; x_wconf 84' lang='lat' dir='ltr'><strong>uude</strong></span> <span class='ocrx_word' id='word_1_511' title='bbox 421 4071 568 4128; x_wconf 82' lang='lat' dir='ltr'><strong>simuostis</strong></span> <span class='ocrx_word' id='word_1_512' title='bbox 583 4073 672 4144; x_wconf 85' lang='lat' dir='ltr'><strong>(loun,</strong></span> <span class='ocrx_word' id='word_1_513' title='bbox 688 4089 738 4138; x_wconf 87' lang='lat' dir='ltr'><strong>vu,</strong></span> <span class='ocrx_word' id='word_1_514' title='bbox 753 4074 810 4145; x_wconf 82' lang='lat'><strong>28).</strong></span> <span class='ocrx_word' id='word_1_515' title='bbox 828 4072 989 4147; x_wconf 88' lang='lat' dir='ltr'><strong>Utrumque</strong></span> 
     </span>
     <span class='ocr_line' id='line_1_44' title="bbox 132 4156 989 4234; baseline 0.013 -22"><span class='ocrx_word' id='word_1_516' title='bbox 132 4156 300 4214; x_wconf 77' lang='lat' dir='ltr'><strong>nouarImue</strong></span> <span class='ocrx_word' id='word_1_517' title='bbox 315 4158 344 4215; x_wconf 89' lang='lat' dir='ltr'><strong>iu</strong></span> <span class='ocrx_word' id='word_1_518' title='bbox 360 4157 496 4228; x_wconf 86' lang='lat' dir='ltr'><strong>Cbrlslo;</strong></span> <span class='ocrx_word' id='word_1_519' title='bbox 513 4169 539 4216; x_wconf 90' lang='lat' dir='ltr'><strong>et</strong></span> <span class='ocrx_word' id='word_1_520' title='bbox 554 4162 631 4218; x_wconf 90' lang='lat' dir='ltr'><strong>uode</strong></span> <span class='ocrx_word' id='word_1_521' title='bbox 645 4162 766 4234; x_wconf 77' lang='lat' dir='ltr'><strong>aqualis</strong></span> <span class='ocrx_word' id='word_1_522' title='bbox 789 4167 835 4219; x_wconf 86' lang='lat' dir='ltr'><strong>est</strong></span> <span class='ocrx_word' id='word_1_523' title='bbox 858 4162 944 4232; x_wconf 88' lang='lat' dir='ltr'><strong>Patri,</strong></span> <span class='ocrx_word' id='word_1_524' title='bbox 960 4169 989 4223; x_wconf 88' lang='lat' dir='ltr'><strong>et</strong></span> 
     </span>
     <span class='ocr_line' id='line_1_45' title="bbox 133 4245 985 4321; baseline 0.012 -19"><span class='ocrx_word' id='word_1_525' title='bbox 133 4246 211 4303; x_wconf 88' lang='lat' dir='ltr'><strong>uude</strong></span> <span class='ocrx_word' id='word_1_526' title='bbox 225 4245 276 4303; x_wconf 92' lang='lat' dir='ltr'><strong>illo</strong></span> <span class='ocrx_word' id='word_1_527' title='bbox 292 4247 384 4320; x_wconf 81' lang='lat' dir='ltr'><strong>major</strong></span> <span class='ocrx_word' id='word_1_528' title='bbox 405 4253 450 4305; x_wconf 87' lang='lat' dir='ltr'><strong>est</strong></span> <span class='ocrx_word' id='word_1_529' title='bbox 469 4249 562 4307; x_wconf 85' lang='lat' dir='ltr'><strong>Pater.</strong></span> <span class='ocrx_word' id='word_1_530' title='bbox 588 4250 663 4307; x_wconf 88' lang='lat' dir='ltr'><strong>Illud</strong></span> <span class='ocrx_word' id='word_1_531' title='bbox 689 4251 816 4308; x_wconf 87' lang='lat' dir='ltr'><strong>Verbum</strong></span> <span class='ocrx_word' id='word_1_532' title='bbox 842 4256 897 4321; x_wconf 89' lang='lat' dir='ltr'><strong>ost,</strong></span> <span class='ocrx_word' id='word_1_533' title='bbox 913 4253 985 4311; x_wconf 90' lang='lat' dir='ltr'><strong>illud</strong></span> 
     </span>
     <span class='ocr_line' id='line_1_46' title="bbox 131 4336 988 4411; baseline 0.007 -16"><span class='ocrx_word' id='word_1_534' title='bbox 131 4352 219 4404; x_wconf 81' lang='lat' dir='ltr'><strong>csro;</strong></span> <span class='ocrx_word' id='word_1_535' title='bbox 235 4336 308 4395; x_wconf 91' lang='lat' dir='ltr'><strong>illud</strong></span> <span class='ocrx_word' id='word_1_536' title='bbox 318 4338 395 4396; x_wconf 89' lang='lat' dir='ltr'><strong>Deus</strong></span> <span class='ocrx_word' id='word_1_537' title='bbox 411 4344 466 4411; x_wconf 88' lang='lat' dir='ltr'><strong>est,</strong></span> <span class='ocrx_word' id='word_1_538' title='bbox 481 4339 553 4396; x_wconf 91' lang='lat' dir='ltr'><strong>illud</strong></span> <span class='ocrx_word' id='word_1_539' title='bbox 569 4340 657 4398; x_wconf 91' lang='lat' dir='ltr'><strong>humo</strong></span> <span class='ocrx_word' id='word_1_540' title='bbox 669 4358 676 4399; x_wconf 90' lang='lat'>:</span> <span class='ocrx_word' id='word_1_541' title='bbox 688 4342 739 4397; x_wconf 91' lang='lat' dir='ltr'><strong>aed</strong></span> <span class='ocrx_word' id='word_1_542' title='bbox 757 4358 833 4398; x_wconf 89' lang='lat' dir='ltr'><strong>unua</strong></span> <span class='ocrx_word' id='word_1_543' title='bbox 847 4346 892 4399; x_wconf 88' lang='lat' dir='ltr'><strong>est</strong></span> <span class='ocrx_word' id='word_1_544' title='bbox 906 4344 988 4401; x_wconf 83' lang='lat' dir='ltr'><strong>curl-</strong></span> 
     </span>
     <span class='ocr_line' id='line_1_47' title="bbox 131 4426 448 4487; baseline 0 -2"><span class='ocrx_word' id='word_1_545' title='bbox 131 4435 196 4486; x_wconf 87' lang='lat' dir='ltr'><strong>stus</strong></span> <span class='ocrx_word' id='word_1_546' title='bbox 210 4426 288 4486; x_wconf 89' lang='lat' dir='ltr'><strong>Deus</strong></span> <span class='ocrx_word' id='word_1_547' title='bbox 303 4432 332 4486; x_wconf 92' lang='lat' dir='ltr'><strong>et</strong></span> <span class='ocrx_word' id='word_1_548' title='bbox 353 4429 448 4487; x_wconf 79' lang='lat' dir='ltr'><strong>bomo.</strong></span> 
     </span>
    </p>
   </div>
   <div class='ocr_carea' id='block_1_15' title="bbox 364 4602 756 4664">
    <p class='ocr_par' dir='ltr' id='par_1_17' title="bbox 364 4602 756 4664">
     <span class='ocr_line' id='line_1_48' title="bbox 364 4602 756 4664; baseline -0.005 -2"><span class='ocrx_word' id='word_1_549' title='bbox 364 4602 576 4664; x_wconf 79' lang='lat' dir='ltr'>TRACTATUS</span> <span class='ocrx_word' id='word_1_550' title='bbox 594 4603 756 4662; x_wconf 80' lang='lat' dir='ltr'><strong>xxxv11l.</strong></span> 
     </span>
    </p>
   </div>
   <div class='ocr_carea' id='block_1_16' title="bbox 131 4742 987 4906">
    <p class='ocr_par' dir='ltr' id='par_1_18' title="bbox 131 4742 987 4906">
     <span class='ocr_line' id='line_1_49' title="bbox 131 4742 987 4819; baseline 0.007 -21"><span class='ocrx_word' id='word_1_551' title='bbox 131 4742 170 4799; x_wconf 75' lang='lat' dir='ltr'><strong>lo</strong></span> <span class='ocrx_word' id='word_1_552' title='bbox 185 4743 301 4816; x_wconf 85' lang='lat' dir='ltr'><strong>ecquod</strong></span> <span class='ocrx_word' id='word_1_553' title='bbox 320 4744 453 4814; x_wconf 83' lang='lat' dir='ltr'><strong>scriptum</strong></span> <span class='ocrx_word' id='word_1_554' title='bbox 475 4752 523 4813; x_wconf 84' lang='lat' dir='ltr'><strong>cst,</strong></span> <span class='ocrx_word' id='word_1_555' title='bbox 550 4743 626 4800; x_wconf 82' lang='lat' dir='ltr'><strong>Dixit</strong></span> <span class='ocrx_word' id='word_1_556' title='bbox 654 4761 720 4818; x_wconf 86' lang='lat' dir='ltr'><strong>ergo</strong></span> <span class='ocrx_word' id='word_1_557' title='bbox 745 4743 785 4803; x_wconf 87' lang='lat' dir='ltr'><strong>eis</strong></span> <span class='ocrx_word' id='word_1_558' title='bbox 807 4745 913 4804; x_wconf 82' lang='lat' dir='ltr'><strong>lesus:</strong></span> <span class='ocrx_word' id='word_1_559' title='bbox 929 4747 987 4819; x_wconf 80' lang='lat' dir='ltr'><strong>ligo</strong></span> 
     </span>
     <span class='ocr_line' id='line_1_50' title="bbox 166 4831 985 4906; baseline 0.007 -19"><span class='ocrx_word' id='word_1_560' title='bbox 166 4831 251 4898; x_wconf 80' lang='lat' dir='ltr'><strong>vedu,</strong></span> <span class='ocrx_word' id='word_1_561' title='bbox 267 4836 297 4889; x_wconf 89' lang='lat' dir='ltr'><strong>et</strong></span> <span class='ocrx_word' id='word_1_562' title='bbox 311 4832 446 4906; x_wconf 73' lang='lat' dir='ltr'><strong>querelis</strong></span> <span class='ocrx_word' id='word_1_563' title='bbox 462 4848 508 4889; x_wconf 90' lang='lat' dir='ltr'><strong>me</strong></span> <span class='ocrx_word' id='word_1_564' title='bbox 520 4853 529 4901; x_wconf 69' lang='grc' dir='ltr'><strong>ς</strong></span> <span class='ocrx_word' id='word_1_565' title='bbox 542 4849 628 4906; x_wconf 87' lang='lat' dir='ltr'><strong>usque</strong></span> <span class='ocrx_word' id='word_1_566' title='bbox 638 4834 674 4889; x_wconf 84' lang='lat' dir='ltr'><strong>ud</strong></span> <span class='ocrx_word' id='word_1_567' title='bbox 683 4834 720 4897; x_wconf 85' lang='lat' dir='ltr'><strong>id,</strong></span> <span class='ocrx_word' id='word_1_568' title='bbox 737 4834 813 4892; x_wconf 85' lang='lat' dir='ltr'><strong>Dixit</strong></span> <span class='ocrx_word' id='word_1_569' title='bbox 824 4835 865 4893; x_wconf 90' lang='lat' dir='ltr'><strong>eis</strong></span> <span class='ocrx_word' id='word_1_570' title='bbox 878 4835 985 4894; x_wconf 83' lang='lat' dir='ltr'><strong>lesus:</strong></span> 
     </span>
    </p>
   </div>
   <div class='ocr_carea' id='block_1_17' title="bbox 165 4921 985 5071">
    <p class='ocr_par' dir='ltr' id='par_1_19' title="bbox 165 4921 985 5071">
     <span class='ocr_line' id='line_1_51' title="bbox 166 4921 985 4999; baseline 0.004 -19"><span class='ocrx_word' id='word_1_571' title='bbox 166 4921 358 4997; x_wconf 86' lang='lat' dir='ltr'><strong>Principium,</strong></span> <span class='ocrx_word' id='word_1_572' title='bbox 383 4921 452 4994; x_wconf 86' lang='lat' dir='ltr'><strong>quie</strong></span> <span class='ocrx_word' id='word_1_573' title='bbox 475 4926 504 4978; x_wconf 93' lang='lat' dir='ltr'><strong>et</strong></span> <span class='ocrx_word' id='word_1_574' title='bbox 533 4923 637 4995; x_wconf 91' lang='lat' dir='ltr'><strong>loquor</strong></span> <span class='ocrx_word' id='word_1_575' title='bbox 661 4923 751 4981; x_wconf 83' lang='lat' dir='ltr'><strong>uobis.</strong></span> <span class='ocrx_word' id='word_1_576' title='bbox 782 4926 850 4998; x_wconf 83' lang='lat' dir='ltr'><strong>Cap.</strong></span> <span class='ocrx_word' id='word_1_577' title='bbox 876 4941 937 4999; x_wconf 79' lang='lat' dir='ltr'><strong>urar,</strong></span> <span class='ocrx_word' id='word_1_578' title='bbox 958 4926 985 4996; x_wconf 68' lang='lat' dir='ltr'><strong>l.</strong></span> 
     </span>
     <span class='ocr_line' id='line_1_52' title="bbox 165 5012 263 5071; baseline 0.01 -1"><span class='ocrx_word' id='word_1_579' title='bbox 165 5012 263 5071; x_wconf 75' lang='lat'>21-25.</span> 
     </span>
    </p>
   </div>
   <div class='ocr_carea' id='block_1_18' title="bbox 128 5173 987 5782">
    <p class='ocr_par' dir='ltr' id='par_1_20' title="bbox 128 5173 987 5782">
     <span class='ocr_line' id='line_1_53' title="bbox 164 5173 987 5248; baseline 0.002 -14"><span class='ocrx_word' id='word_1_580' title='bbox 164 5175 193 5234; x_wconf 85' lang='lat' dir='ltr'><strong>l.</strong></span> <span class='ocrx_word' id='word_1_581' title='bbox 210 5175 303 5235; x_wconf 84' lang='lat' dir='ltr'><strong>Lectio</strong></span> <span class='ocrx_word' id='word_1_582' title='bbox 327 5174 420 5235; x_wconf 88' lang='lat' dir='ltr'><strong>sancti</strong></span> <span class='ocrx_word' id='word_1_583' title='bbox 441 5173 591 5247; x_wconf 75' lang='lat' dir='ltr'><strong>Evangelii</strong></span> <span class='ocrx_word' id='word_1_584' title='bbox 615 5190 680 5248; x_wconf 84' lang='lat' dir='ltr'><strong>qua</strong></span> <span class='ocrx_word' id='word_1_585' title='bbox 709 5177 858 5248; x_wconf 83' lang='lat' dir='ltr'><strong>precessit</strong></span> <span class='ocrx_word' id='word_1_586' title='bbox 873 5177 987 5237; x_wconf 87' lang='lat' dir='ltr'><strong>hodier-</strong></span> 
     </span>
     <span class='ocr_line' id='line_1_54' title="bbox 129 5261 986 5338; baseline 0.005 -20"><span class='ocrx_word' id='word_1_587' title='bbox 129 5278 209 5331; x_wconf 87' lang='lat' dir='ltr'><strong>nam,</strong></span> <span class='ocrx_word' id='word_1_588' title='bbox 230 5264 272 5321; x_wconf 86' lang='lat' dir='ltr'><strong>tte</strong></span> <span class='ocrx_word' id='word_1_589' title='bbox 294 5264 485 5333; x_wconf 85' lang='lat' dir='ltr'><strong>concluserat,</strong></span> <span class='ocrx_word' id='word_1_590' title='bbox 509 5261 577 5335; x_wconf 87' lang='lat' dir='ltr'><strong>quia</strong></span> <span class='ocrx_word' id='word_1_591' title='bbox 592 5262 700 5320; x_wconf 77' lang='lat' dir='ltr'><strong>lucrum</strong></span> <span class='ocrx_word' id='word_1_592' title='bbox 727 5272 766 5321; x_wconf 84' lang='lat' dir='ltr'><strong>est</strong></span> <span class='ocrx_word' id='word_1_593' title='bbox 784 5265 919 5322; x_wconf 78' lang='lat' dir='ltr'><strong>docmsin</strong></span> <span class='ocrx_word' id='word_1_594' title='bbox 934 5282 986 5338; x_wconf 83' lang='lat' dir='ltr'><strong>pu-</strong></span> 
     </span>
     <span class='ocr_line' id='line_1_55' title="bbox 128 5350 984 5426; baseline 0.008 -21"><span class='ocrx_word' id='word_1_595' title='bbox 128 5353 292 5424; x_wconf 77' lang='lat' dir='ltr'><strong>uoplplocic</strong></span> <span class='ocrx_word' id='word_1_596' title='bbox 317 5354 459 5422; x_wconf 78' lang='lat' dir='ltr'><strong>Dominus,</strong></span> <span class='ocrx_word' id='word_1_597' title='bbox 484 5369 548 5426; x_wconf 81' lang='lat' dir='ltr'><strong>qua</strong></span> <span class='ocrx_word' id='word_1_598' title='bbox 572 5350 674 5422; x_wconf 83' lang='lat' dir='ltr'><strong>votuit,</strong></span> <span class='ocrx_word' id='word_1_599' title='bbox 703 5357 733 5410; x_wconf 87' lang='lat' dir='ltr'><strong>ot</strong></span> <span class='ocrx_word' id='word_1_600' title='bbox 756 5355 984 5426; x_wconf 82' lang='lat' dir='ltr'><strong>quaeaudistis:</strong></span> 
     </span>
     <span class='ocr_line' id='line_1_56' title="bbox 130 5442 987 5518; baseline 0.008 -24"><span class='ocrx_word' id='word_1_601' title='bbox 130 5442 987 5518; x_wconf 69' lang='lat' dir='ltr'><strong>etuemccpprelreuditeum,quiuironrlumomerutborocjus</strong></span> 
     </span>
     <span class='ocr_line' id='line_1_57' title="bbox 131 5528 984 5605; baseline 0.009 -21"><span class='ocrx_word' id='word_1_602' title='bbox 131 5528 222 5602; x_wconf 85' lang='lat' dir='ltr'><strong>(loon.</strong></span> <span class='ocrx_word' id='word_1_603' title='bbox 238 5532 369 5601; x_wconf 76' lang='lat' dir='ltr'><strong>verr.20l.</strong></span> <span class='ocrx_word' id='word_1_604' title='bbox 394 5534 466 5590; x_wconf 83' lang='lat' dir='ltr'><strong>ilino</strong></span> <span class='ocrx_word' id='word_1_605' title='bbox 488 5532 669 5605; x_wconf 85' lang='lat' dir='ltr'><strong>disputatum</strong></span> <span class='ocrx_word' id='word_1_606' title='bbox 694 5538 740 5591; x_wconf 85' lang='lat' dir='ltr'><strong>eet</strong></span> <span class='ocrx_word' id='word_1_607' title='bbox 761 5534 908 5592; x_wconf 89' lang='lat' dir='ltr'><strong>dominico</strong></span> <span class='ocrx_word' id='word_1_608' title='bbox 927 5535 984 5605; x_wconf 90' lang='lat' dir='ltr'><strong>dia,</strong></span> 
     </span>
     <span class='ocr_line' id='line_1_58' title="bbox 134 5618 985 5692; baseline 0.008 -17"><span class='ocrx_word' id='word_1_609' title='bbox 134 5620 212 5690; x_wconf 91' lang='lat' dir='ltr'><strong>quud</strong></span> <span class='ocrx_word' id='word_1_610' title='bbox 227 5618 289 5692; x_wconf 84' lang='lat' dir='ltr'><strong>lpse</strong></span> <span class='ocrx_word' id='word_1_611' title='bbox 304 5620 409 5679; x_wconf 86' lang='lat' dir='ltr'><strong>donare</strong></span> <span class='ocrx_word' id='word_1_612' title='bbox 432 5622 570 5692; x_wconf 85' lang='lat' dir='ltr'><strong>diguatus</strong></span> <span class='ocrx_word' id='word_1_613' title='bbox 584 5627 641 5681; x_wconf 83' lang='lat' dir='ltr'><strong>est.</strong></span> <span class='ocrx_word' id='word_1_614' title='bbox 663 5624 869 5683; x_wconf 75' lang='lat' dir='ltr'><strong>intimavimus</strong></span> <span class='ocrx_word' id='word_1_615' title='bbox 885 5624 985 5684; x_wconf 81' lang='lat' dir='ltr'><strong>cueri-</strong></span> 
     </span>
     <span class='ocr_line' id='line_1_59' title="bbox 131 5707 986 5782; baseline 0.006 -15"><span class='ocrx_word' id='word_1_616' title='bbox 131 5707 186 5767; x_wconf 85' lang='lat' dir='ltr'><strong>teti</strong></span> <span class='ocrx_word' id='word_1_617' title='bbox 207 5712 309 5767; x_wconf 78' lang='lat' dir='ltr'><strong>vestre</strong></span> <span class='ocrx_word' id='word_1_618' title='bbox 324 5722 412 5782; x_wconf 87' lang='lat' dir='ltr'><strong>quere</strong></span> <span class='ocrx_word' id='word_1_619' title='bbox 435 5707 546 5767; x_wconf 88' lang='lat' dir='ltr'><strong>dictum</strong></span> <span class='ocrx_word' id='word_1_620' title='bbox 569 5711 620 5781; x_wconf 88' lang='lat' dir='ltr'><strong>ait,</strong></span> <span class='ocrx_word' id='word_1_621' title='bbox 645 5712 770 5771; x_wconf 73' lang='lat' dir='ltr'><strong>ticulum</strong></span> <span class='ocrx_word' id='word_1_622' title='bbox 789 5717 900 5772; x_wconf 73' lang='lat' dir='ltr'><strong>arnmot</strong></span> <span class='ocrx_word' id='word_1_623' title='bbox 918 5714 986 5772; x_wconf 80' lang='lat' dir='ltr'><strong>luero</strong></span> 
     </span>
    </p>
   </div>
   <div class='ocr_carea' id='block_1_19' title="bbox 1037 2829 1900 5498">
    <p class='ocr_par' dir='ltr' id='par_1_21' title="bbox 1040 2829 1900 4146">
     <span class='ocr_line' id='line_1_60' title="bbox 1041 2829 1899 2909; baseline 0.01 -24"><span class='ocrx_word' id='word_1_624' title='bbox 1041 2844 1094 2885; x_wconf 86' lang='lat' dir='ltr'><strong>suu</strong></span> <span class='ocrx_word' id='word_1_625' title='bbox 1109 2829 1182 2885; x_wconf 90' lang='lat' dir='ltr'><strong>muri</strong></span> <span class='ocrx_word' id='word_1_626' title='bbox 1198 2845 1204 2884; x_wconf 94' lang='lat'>:</span> <span class='ocrx_word' id='word_1_627' title='bbox 1222 2830 1276 2886; x_wconf 90' lang='lat' dir='ltr'><strong>boe</strong></span> <span class='ocrx_word' id='word_1_628' title='bbox 1290 2835 1336 2888; x_wconf 87' lang='lat' dir='ltr'><strong>est</strong></span> <span class='ocrx_word' id='word_1_629' title='bbox 1349 2829 1432 2888; x_wconf 90' lang='lat' dir='ltr'><strong>illum</strong></span> <span class='ocrx_word' id='word_1_630' title='bbox 1447 2832 1554 2902; x_wconf 91' lang='lat' dir='ltr'><strong>odisse,</strong></span> <span class='ocrx_word' id='word_1_631' title='bbox 1571 2848 1718 2907; x_wconf 90' lang='lat' dir='ltr'><strong>perquem</strong></span> <span class='ocrx_word' id='word_1_632' title='bbox 1735 2839 1834 2909; x_wconf 85' lang='lat' dir='ltr'><strong>posset</strong></span> <span class='ocrx_word' id='word_1_633' title='bbox 1848 2852 1899 2895; x_wconf 86' lang='lat' dir='ltr'><strong>eu·</strong></span> 
     </span>
     <span class='ocr_line' id='line_1_61' title="bbox 1040 2916 1897 2999; baseline 0.013 -27"><span class='ocrx_word' id='word_1_634' title='bbox 1040 2916 1102 2974; x_wconf 90' lang='lat' dir='ltr'><strong>lom</strong></span> <span class='ocrx_word' id='word_1_635' title='bbox 1117 2916 1216 2976; x_wconf 84' lang='lat' dir='ltr'><strong>saluus</strong></span> <span class='ocrx_word' id='word_1_636' title='bbox 1229 2934 1305 2975; x_wconf 87' lang='lat' dir='ltr'><strong>usse.</strong></span> <span class='ocrx_word' id='word_1_637' title='bbox 1316 2921 1387 2977; x_wconf 84' lang='lat' dir='ltr'><strong>Cum</strong></span> <span class='ocrx_word' id='word_1_638' title='bbox 1399 2921 1477 2978; x_wconf 89' lang='lat' dir='ltr'><strong>enim</strong></span> <span class='ocrx_word' id='word_1_639' title='bbox 1493 2920 1628 2980; x_wconf 87' lang='lat' dir='ltr'><strong>homines</strong></span> <span class='ocrx_word' id='word_1_640' title='bbox 1643 2939 1766 2995; x_wconf 91' lang='lat' dir='ltr'><strong>quorum</strong></span> <span class='ocrx_word' id='word_1_641' title='bbox 1782 2941 1851 2999; x_wconf 88' lang='lat' dir='ltr'><strong>spes</strong></span> <span class='ocrx_word' id='word_1_642' title='bbox 1866 2926 1897 2983; x_wconf 92' lang='lat' dir='ltr'><strong>lu</strong></span> 
     </span>
     <span class='ocr_line' id='line_1_62' title="bbox 1042 3010 1899 3088; baseline 0.011 -23"><span class='ocrx_word' id='word_1_643' title='bbox 1042 3010 1100 3066; x_wconf 89' lang='lat' dir='ltr'><strong>Deo</strong></span> <span class='ocrx_word' id='word_1_644' title='bbox 1115 3013 1169 3077; x_wconf 88' lang='lat' dir='ltr'><strong>cst,</strong></span> <span class='ocrx_word' id='word_1_645' title='bbox 1184 3025 1243 3067; x_wconf 91' lang='lat' dir='ltr'><strong>non</strong></span> <span class='ocrx_word' id='word_1_646' title='bbox 1267 3011 1393 3067; x_wconf 81' lang='lat' dir='ltr'><strong>debeam</strong></span> <span class='ocrx_word' id='word_1_647' title='bbox 1412 3012 1489 3069; x_wconf 86' lang='lat' dir='ltr'><strong>mela</strong></span> <span class='ocrx_word' id='word_1_648' title='bbox 1504 3014 1623 3071; x_wconf 89' lang='lat' dir='ltr'><strong>reddere</strong></span> <span class='ocrx_word' id='word_1_649' title='bbox 1642 3015 1716 3073; x_wconf 86' lang='lat' dir='ltr'><strong>neo¹</strong></span> <span class='ocrx_word' id='word_1_650' title='bbox 1732 3032 1784 3088; x_wconf 94' lang='lat' dir='ltr'><strong>pro</strong></span> <span class='ocrx_word' id='word_1_651' title='bbox 1799 3015 1899 3085; x_wconf 86' lang='lat' dir='ltr'><strong>malls,</strong></span> 
     </span>
     <span class='ocr_line' id='line_1_63' title="bbox 1042 3098 1900 3178; baseline 0.013 -25"><span class='ocrx_word' id='word_1_652' title='bbox 1042 3098 1200 3155; x_wconf 89' lang='lat' dir='ltr'><strong>reddebant</strong></span> <span class='ocrx_word' id='word_1_653' title='bbox 1210 3099 1260 3156; x_wconf 87' lang='lat' dir='ltr'><strong>isli</strong></span> <span class='ocrx_word' id='word_1_654' title='bbox 1271 3098 1349 3156; x_wconf 88' lang='lat' dir='ltr'><strong>mala</strong></span> <span class='ocrx_word' id='word_1_655' title='bbox 1364 3116 1414 3172; x_wconf 95' lang='lat' dir='ltr'><strong>pru</strong></span> <span class='ocrx_word' id='word_1_656' title='bbox 1428 3102 1523 3159; x_wconf 89' lang='lat' dir='ltr'><strong>bouis.</strong></span> <span class='ocrx_word' id='word_1_657' title='bbox 1535 3105 1745 3161; x_wconf 75' lang='lat' dir='ltr'><strong>Pronuntiavit</strong></span> <span class='ocrx_word' id='word_1_658' title='bbox 1757 3120 1827 3178; x_wconf 82' lang='lat' dir='ltr'><strong>ergo</strong></span> <span class='ocrx_word' id='word_1_659' title='bbox 1839 3105 1900 3164; x_wconf 85' lang='lat' dir='ltr'><strong>illis</strong></span> 
     </span>
     <span class='ocr_line' id='line_1_64' title="bbox 1042 3187 1900 3267; baseline 0.012 -23"><span class='ocrx_word' id='word_1_660' title='bbox 1042 3187 1193 3259; x_wconf 89' lang='lat' dir='ltr'><strong>Dominus,</strong></span> <span class='ocrx_word' id='word_1_661' title='bbox 1209 3189 1341 3262; x_wconf 79' lang='lat' dir='ltr'><strong>dicitque</strong></span> <span class='ocrx_word' id='word_1_662' title='bbox 1355 3193 1532 3249; x_wconf 87' lang='lat' dir='ltr'><strong>senteutiam</strong></span> <span class='ocrx_word' id='word_1_663' title='bbox 1545 3196 1697 3265; x_wconf 74' lang='lat' dir='ltr'><strong>prescius,</strong></span> <span class='ocrx_word' id='word_1_664' title='bbox 1711 3196 1789 3267; x_wconf 90' lang='lat' dir='ltr'><strong>quod</strong></span> <span class='ocrx_word' id='word_1_665' title='bbox 1802 3196 1831 3252; x_wconf 92' lang='lat' dir='ltr'><strong>iu</strong></span> <span class='ocrx_word' id='word_1_666' title='bbox 1843 3212 1900 3255; x_wconf 89' lang='lat' dir='ltr'><strong>suu</strong></span> 
     </span>
     <span class='ocr_line' id='line_1_65' title="bbox 1041 3280 1897 3355; baseline 0.011 -21"><span class='ocrx_word' id='word_1_667' title='bbox 1041 3283 1157 3350; x_wconf 89' lang='lat' dir='ltr'><strong>peccato</strong></span> <span class='ocrx_word' id='word_1_668' title='bbox 1172 3285 1363 3337; x_wconf 86' lang='lat' dir='ltr'><strong>morerentur.</strong></span> <span class='ocrx_word' id='word_1_669' title='bbox 1379 3280 1489 3338; x_wconf 87' lang='lat' dir='ltr'><strong>Deinde</strong></span> <span class='ocrx_word' id='word_1_670' title='bbox 1507 3282 1658 3355; x_wconf 84' lang='lat' dir='ltr'><strong>adjungit:</strong></span> <span class='ocrx_word' id='word_1_671' title='bbox 1680 3284 1736 3354; x_wconf 84' lang='lat' dir='ltr'><strong>Quo</strong></span> <span class='ocrx_word' id='word_1_672' title='bbox 1750 3300 1800 3355; x_wconf 79' lang='lat' dir='ltr'><strong>eqo</strong></span> <span class='ocrx_word' id='word_1_673' title='bbox 1813 3286 1897 3355; x_wconf 88' lang='lat' dir='ltr'><strong>oudo,</strong></span> 
     </span>
     <span class='ocr_line' id='line_1_66' title="bbox 1041 3373 1898 3446; baseline 0.011 -20"><span class='ocrx_word' id='word_1_674' title='bbox 1041 3385 1086 3426; x_wconf 83' lang='lat' dir='ltr'><strong>uos</strong></span> <span class='ocrx_word' id='word_1_675' title='bbox 1100 3385 1154 3427; x_wconf 84' lang='lat' dir='ltr'><strong>mou</strong></span> <span class='ocrx_word' id='word_1_676' title='bbox 1170 3373 1281 3438; x_wconf 83' lang='lat' dir='ltr'><strong>potestis</strong></span> <span class='ocrx_word' id='word_1_677' title='bbox 1299 3374 1403 3428; x_wconf 82' lang='lat' dir='ltr'><strong>uenire.</strong></span> <span class='ocrx_word' id='word_1_678' title='bbox 1428 3373 1486 3430; x_wconf 89' lang='lat' dir='ltr'><strong>Hoc</strong></span> <span class='ocrx_word' id='word_1_679' title='bbox 1511 3378 1554 3430; x_wconf 86' lang='lat' dir='ltr'><strong>est</strong></span> <span class='ocrx_word' id='word_1_680' title='bbox 1579 3374 1732 3446; x_wconf 85' lang='lat' dir='ltr'><strong>discipulis</strong></span> <span class='ocrx_word' id='word_1_681' title='bbox 1760 3376 1818 3434; x_wconf 86' lang='lat' dir='ltr'><strong>allo</strong></span> <span class='ocrx_word' id='word_1_682' title='bbox 1833 3376 1898 3435; x_wconf 87' lang='lat' dir='ltr'><strong>icen</strong></span> 
     </span>
     <span class='ocr_line' id='line_1_67' title="bbox 1040 3457 1898 3535; baseline 0.012 -21"><span class='ocrx_word' id='word_1_683' title='bbox 1040 3457 1132 3528; x_wconf 86' lang='lat' dir='ltr'><strong>dixit;</strong></span> <span class='ocrx_word' id='word_1_684' title='bbox 1150 3474 1202 3514; x_wconf 90' lang='lat' dir='ltr'><strong>nec</strong></span> <span class='ocrx_word' id='word_1_685' title='bbox 1218 3464 1311 3515; x_wconf 91' lang='lat' dir='ltr'><strong>temon</strong></span> <span class='ocrx_word' id='word_1_686' title='bbox 1337 3461 1379 3517; x_wconf 89' lang='lat' dir='ltr'><strong>eis</strong></span> <span class='ocrx_word' id='word_1_687' title='bbox 1411 3460 1494 3531; x_wconf 86' lang='lat' dir='ltr'><strong>dixit,</strong></span> <span class='ocrx_word' id='word_1_688' title='bbox 1518 3463 1549 3519; x_wconf 87' lang='lat' dir='ltr'><strong>la</strong></span> <span class='ocrx_word' id='word_1_689' title='bbox 1560 3466 1667 3535; x_wconf 85' lang='lat' dir='ltr'><strong>peccato</strong></span> <span class='ocrx_word' id='word_1_690' title='bbox 1686 3472 1774 3522; x_wconf 80' lang='lat' dir='ltr'><strong>oestro</strong></span> <span class='ocrx_word' id='word_1_691' title='bbox 1787 3468 1898 3523; x_wconf 83' lang='lat' dir='ltr'><strong>morie·</strong></span> 
     </span>
     <span class='ocr_line' id='line_1_68' title="bbox 1040 3547 1899 3630; baseline 0.009 -24"><span class='ocrx_word' id='word_1_692' title='bbox 1040 3550 1121 3606; x_wconf 82' lang='lat' dir='ltr'><strong>mini.</strong></span> <span class='ocrx_word' id='word_1_693' title='bbox 1151 3547 1340 3615; x_wconf 80' lang='lat' dir='ltr'><strong>Quideutem</strong></span> <span class='ocrx_word' id='word_1_694' title='bbox 1369 3551 1469 3607; x_wconf 76' lang='lat' dir='ltr'><strong>dixit?</strong></span> <span class='ocrx_word' id='word_1_695' title='bbox 1497 3552 1578 3617; x_wconf 81' lang='lat' dir='ltr'><strong>Quod</strong></span> <span class='ocrx_word' id='word_1_696' title='bbox 1608 3557 1637 3609; x_wconf 90' lang='lat' dir='ltr'><strong>et</strong></span> <span class='ocrx_word' id='word_1_697' title='bbox 1659 3553 1744 3612; x_wconf 71' lang='lat' dir='ltr'><strong>latiae</strong></span> <span class='ocrx_word' id='word_1_698' title='bbox 1768 3556 1829 3626; x_wconf 78' lang='lat' dir='ltr'><strong>Quo</strong></span> <span class='ocrx_word' id='word_1_699' title='bbox 1849 3567 1899 3630; x_wconf 78' lang='lat' dir='ltr'><strong>epo</strong></span> 
     </span>
     <span class='ocr_line' id='line_1_69' title="bbox 1040 3638 1897 3717; baseline 0.012 -23"><span class='ocrx_word' id='word_1_700' title='bbox 1040 3638 1118 3707; x_wconf 86' lang='lat' dir='ltr'><strong>uodo,</strong></span> <span class='ocrx_word' id='word_1_701' title='bbox 1138 3653 1183 3694; x_wconf 85' lang='lat' dir='ltr'><strong>voe</strong></span> <span class='ocrx_word' id='word_1_702' title='bbox 1209 3641 1303 3695; x_wconf 84' lang='lat' dir='ltr'><strong>uenire</strong></span> <span class='ocrx_word' id='word_1_703' title='bbox 1331 3656 1386 3696; x_wconf 83' lang='lat' dir='ltr'><strong>uon</strong></span> <span class='ocrx_word' id='word_1_704' title='bbox 1413 3644 1522 3709; x_wconf 81' lang='lat' dir='ltr'><strong>potestis</strong></span> <span class='ocrx_word' id='word_1_705' title='bbox 1550 3642 1639 3713; x_wconf 81' lang='lat' dir='ltr'><strong>(teau.</strong></span> <span class='ocrx_word' id='word_1_706' title='bbox 1658 3659 1721 3712; x_wconf 86' lang='lat' dir='ltr'><strong>xm,</strong></span> <span class='ocrx_word' id='word_1_707' title='bbox 1748 3644 1805 3717; x_wconf 83' lang='lat'><strong>33).</strong></span> <span class='ocrx_word' id='word_1_708' title='bbox 1833 3646 1897 3703; x_wconf 89' lang='lat' dir='ltr'><strong>Noa</strong></span> 
     </span>
     <span class='ocr_line' id='line_1_70' title="bbox 1041 3727 1898 3802; baseline 0.012 -17"><span class='ocrx_word' id='word_1_709' title='bbox 1041 3727 1260 3801; x_wconf 66' lang='lat' dir='ltr'><strong>abstuttrapnna</strong></span> <span class='ocrx_word' id='word_1_710' title='bbox 1272 3730 1323 3786; x_wconf 86' lang='lat' dir='ltr'><strong>sed</strong></span> <span class='ocrx_word' id='word_1_711' title='bbox 1345 3731 1476 3802; x_wconf 85' lang='lat' dir='ltr'><strong>praedixit</strong></span> <span class='ocrx_word' id='word_1_712' title='bbox 1487 3731 1668 3790; x_wconf 89' lang='lat' dir='ltr'><strong>dilationem.</strong></span> <span class='ocrx_word' id='word_1_713' title='bbox 1684 3736 1804 3801; x_wconf 84' lang='lat' dir='ltr'><strong>Quando</strong></span> <span class='ocrx_word' id='word_1_714' title='bbox 1818 3739 1898 3795; x_wconf 88' lang='lat' dir='ltr'><strong>cuim</strong></span> 
     </span>
     <span class='ocr_line' id='line_1_71' title="bbox 1041 3816 1899 3898; baseline 0.014 -25"><span class='ocrx_word' id='word_1_715' title='bbox 1041 3816 1097 3874; x_wconf 89' lang='lat' dir='ltr'><strong>boe</strong></span> <span class='ocrx_word' id='word_1_716' title='bbox 1111 3818 1263 3890; x_wconf 86' lang='lat' dir='ltr'><strong>discipulis</strong></span> <span class='ocrx_word' id='word_1_717' title='bbox 1278 3819 1899 3898; x_wconf 84' lang='lat' dir='ltr'><strong>Dominusloquebatur,tunouunpotsrent</strong></span> 
     </span>
     <span class='ocr_line' id='line_1_72' title="bbox 1040 3907 1898 3982; baseline 0.009 -17"><span class='ocrx_word' id='word_1_718' title='bbox 1040 3908 1138 3965; x_wconf 87' lang='lat' dir='ltr'><strong>venire</strong></span> <span class='ocrx_word' id='word_1_719' title='bbox 1157 3908 1232 3979; x_wconf 90' lang='lat' dir='ltr'><strong>quod</strong></span> <span class='ocrx_word' id='word_1_720' title='bbox 1247 3907 1295 3964; x_wconf 91' lang='lat' dir='ltr'><strong>ille</strong></span> <span class='ocrx_word' id='word_1_721' title='bbox 1310 3908 1381 3977; x_wconf 84' lang='lat' dir='ltr'><strong>ibet,</strong></span> <span class='ocrx_word' id='word_1_722' title='bbox 1398 3910 1449 3966; x_wconf 89' lang='lat' dir='ltr'><strong>scd</strong></span> <span class='ocrx_word' id='word_1_723' title='bbox 1475 3916 1576 3982; x_wconf 88' lang='lat' dir='ltr'><strong>postea</strong></span> <span class='ocrx_word' id='word_1_724' title='bbox 1590 3912 1707 3969; x_wconf 87' lang='lat' dir='ltr'><strong>venturi</strong></span> <span class='ocrx_word' id='word_1_725' title='bbox 1723 3919 1827 3971; x_wconf 84' lang='lat' dir='ltr'><strong>erant:</strong></span> <span class='ocrx_word' id='word_1_726' title='bbox 1848 3918 1898 3973; x_wconf 86' lang='lat' dir='ltr'><strong>isti</strong></span> 
     </span>
     <span class='ocr_line' id='line_1_73' title="bbox 1041 3997 1899 4077; baseline 0.008 -21"><span class='ocrx_word' id='word_1_727' title='bbox 1041 4001 1139 4056; x_wconf 85' lang='lat' dir='ltr'><strong>autem</strong></span> <span class='ocrx_word' id='word_1_728' title='bbox 1160 4012 1323 4069; x_wconf 86' lang='lat' dir='ltr'><strong>uunquam,</strong></span> <span class='ocrx_word' id='word_1_729' title='bbox 1339 3997 1445 4068; x_wconf 89' lang='lat' dir='ltr'><strong>quibus</strong></span> <span class='ocrx_word' id='word_1_730' title='bbox 1466 4001 1604 4071; x_wconf 83' lang='lat' dir='ltr'><strong>praescius</strong></span> <span class='ocrx_word' id='word_1_731' title='bbox 1618 4002 1699 4071; x_wconf 89' lang='lat' dir='ltr'><strong>dixit,</strong></span> <span class='ocrx_word' id='word_1_732' title='bbox 1725 4004 1760 4059; x_wconf 88' lang='lat' dir='ltr'><strong>lu</strong></span> <span class='ocrx_word' id='word_1_733' title='bbox 1785 4015 1899 4077; x_wconf 83' lang='lat' dir='ltr'><strong>peceato</strong></span> 
     </span>
     <span class='ocr_line' id='line_1_74' title="bbox 1041 4087 1308 4146; baseline -0.007 0"><span class='ocrx_word' id='word_1_734' title='bbox 1041 4096 1127 4146; x_wconf 77' lang='lat' dir='ltr'><strong>uestro</strong></span> <span class='ocrx_word' id='word_1_735' title='bbox 1141 4087 1308 4144; x_wconf 80' lang='lat' dir='ltr'><strong>moriemini.</strong></span> 
     </span>
    </p>

    <p class='ocr_par' dir='ltr' id='par_1_22' title="bbox 1037 4177 1900 5329">
     <span class='ocr_line' id='line_1_75' title="bbox 1077 4177 1899 4255; baseline 0.01 -20"><span class='ocrx_word' id='word_1_736' title='bbox 1077 4178 1104 4235; x_wconf 83' lang='lat'><strong>3.</strong></span> <span class='ocrx_word' id='word_1_737' title='bbox 1121 4177 1172 4235; x_wconf 84' lang='lat' dir='ltr'><strong>His</strong></span> <span class='ocrx_word' id='word_1_738' title='bbox 1187 4183 1286 4234; x_wconf 90' lang='lat' dir='ltr'><strong>autem</strong></span> <span class='ocrx_word' id='word_1_739' title='bbox 1302 4177 1409 4235; x_wconf 89' lang='lat' dir='ltr'><strong>auditis</strong></span> <span class='ocrx_word' id='word_1_740' title='bbox 1429 4179 1534 4248; x_wconf 85' lang='lat' dir='ltr'><strong>verbis,</strong></span> <span class='ocrx_word' id='word_1_741' title='bbox 1551 4182 1699 4255; x_wconf 90' lang='lat' dir='ltr'><strong>quomodo</strong></span> <span class='ocrx_word' id='word_1_742' title='bbox 1724 4182 1818 4241; x_wconf 86' lang='lat' dir='ltr'><strong>solent</strong></span> <span class='ocrx_word' id='word_1_743' title='bbox 1833 4202 1899 4243; x_wconf 63' lang='lat' dir='ltr'><strong>cnm</strong></span> 
     </span>
     <span class='ocr_line' id='line_1_76' title="bbox 1039 4268 1898 4344; baseline 0.009 -20"><span class='ocrx_word' id='word_1_744' title='bbox 1039 4283 1092 4325; x_wconf 91' lang='lat' dir='ltr'><strong>nee</strong></span> <span class='ocrx_word' id='word_1_745' title='bbox 1110 4268 1283 4340; x_wconf 76' lang='lat' dir='ltr'><strong>cogitantes,</strong></span> <span class='ocrx_word' id='word_1_746' title='bbox 1298 4276 1325 4324; x_wconf 89' lang='lat' dir='ltr'><strong>ct</strong></span> <span class='ocrx_word' id='word_1_747' title='bbox 1346 4268 1507 4326; x_wconf 83' lang='lat' dir='ltr'><strong>secundum</strong></span> <span class='ocrx_word' id='word_1_748' title='bbox 1532 4286 1650 4328; x_wconf 88' lang='lat' dir='ltr'><strong>caruem</strong></span> <span class='ocrx_word' id='word_1_749' title='bbox 1670 4271 1854 4344; x_wconf 71' lang='lat' dir='ltr'><strong>iudicantes,</strong></span> <span class='ocrx_word' id='word_1_750' title='bbox 1869 4280 1898 4333; x_wconf 90' lang='lat' dir='ltr'><strong>et</strong></span> 
     </span>
     <span class='ocr_line' id='line_1_77' title="bbox 1039 4357 1897 4431; baseline 0.012 -18"><span class='ocrx_word' id='word_1_751' title='bbox 1039 4360 1134 4414; x_wconf 89' lang='lat' dir='ltr'><strong>totum</strong></span> <span class='ocrx_word' id='word_1_752' title='bbox 1145 4357 1460 4415; x_wconf 82' lang='lat' dir='ltr'><strong>carnalitereudientes</strong></span> <span class='ocrx_word' id='word_1_753' title='bbox 1471 4364 1557 4430; x_wconf 90' lang='lat' dir='ltr'><strong>atque</strong></span> <span class='ocrx_word' id='word_1_754' title='bbox 1568 4359 1873 4431; x_wconf 84' lang='lat' dir='ltr'><strong>sapientes,dixeruut</strong></span> <span class='ocrx_word' id='word_1_755' title='bbox 1887 4378 1897 4423; x_wconf 75' lang='lat' dir='ltr'><strong>t</strong></span> 
     </span>
     <span class='ocr_line' id='line_1_78' title="bbox 1039 4446 1899 4524; baseline 0.009 -21"><span class='ocrx_word' id='word_1_756' title='bbox 1039 4446 1177 4518; x_wconf 82' lang='lat' dir='ltr'><strong>Numquid</strong></span> <span class='ocrx_word' id='word_1_757' title='bbox 1195 4446 1344 4517; x_wconf 70' lang='lat' dir='ltr'><strong>interficiet</strong></span> <span class='ocrx_word' id='word_1_758' title='bbox 1365 4449 1553 4520; x_wconf 63' lang='lat' dir='ltr'><strong>semetipsum</strong></span> <span class='ocrx_word' id='word_1_759' title='bbox 1567 4451 1633 4524; x_wconf 85' lang='lat' dir='ltr'><strong>quic</strong></span> <span class='ocrx_word' id='word_1_760' title='bbox 1660 4449 1747 4521; x_wconf 77' lang='lat' dir='ltr'><strong>dixit,</strong></span> <span class='ocrx_word' id='word_1_761' title='bbox 1765 4453 1825 4523; x_wconf 78' lang='lat' dir='ltr'><strong>Quo</strong></span> <span class='ocrx_word' id='word_1_762' title='bbox 1847 4468 1899 4523; x_wconf 83' lang='lat' dir='ltr'><strong>epo</strong></span> 
     </span>
     <span class='ocr_line' id='line_1_79' title="bbox 1039 4535 1898 4609; baseline 0.008 -18"><span class='ocrx_word' id='word_1_763' title='bbox 1039 4535 1121 4597; x_wconf 84' lang='lat' dir='ltr'><strong>oudo.</strong></span> <span class='ocrx_word' id='word_1_764' title='bbox 1137 4550 1184 4591; x_wconf 79' lang='lat' dir='ltr'><strong>uer</strong></span> <span class='ocrx_word' id='word_1_765' title='bbox 1194 4550 1249 4591; x_wconf 84' lang='lat' dir='ltr'><strong>uon</strong></span> <span class='ocrx_word' id='word_1_766' title='bbox 1262 4536 1371 4606; x_wconf 78' lang='lat' dir='ltr'><strong>pausus</strong></span> <span class='ocrx_word' id='word_1_767' title='bbox 1381 4537 1499 4592; x_wconf 69' lang='lat' dir='ltr'><strong>ramira?</strong></span> <span class='ocrx_word' id='word_1_768' title='bbox 1514 4537 1718 4609; x_wconf 77' lang='lat' dir='ltr'><strong>stultoverba,</strong></span> <span class='ocrx_word' id='word_1_769' title='bbox 1732 4546 1758 4596; x_wconf 82' lang='lat' dir='ltr'><strong>et</strong></span> <span class='ocrx_word' id='word_1_770' title='bbox 1775 4543 1898 4598; x_wconf 88' lang='lat' dir='ltr'><strong>omniuo</strong></span> 
     </span>
     <span class='ocr_line' id='line_1_80' title="bbox 1038 4624 1899 4699; baseline 0.012 -19"><span class='ocrx_word' id='word_1_771' title='bbox 1038 4624 1214 4697; x_wconf 80' lang='lat' dir='ltr'><strong>insipientia</strong></span> <span class='ocrx_word' id='word_1_772' title='bbox 1222 4625 1318 4697; x_wconf 89' lang='lat' dir='ltr'><strong>plene.</strong></span> <span class='ocrx_word' id='word_1_773' title='bbox 1328 4625 1401 4691; x_wconf 80' lang='lat' dir='ltr'><strong>Quid</strong></span> <span class='ocrx_word' id='word_1_774' title='bbox 1412 4624 1491 4682; x_wconf 90' lang='lat' dir='ltr'><strong>enim</strong></span> <span class='ocrx_word' id='word_1_775' title='bbox 1503 4626 1518 4682; x_wconf 81' lang='lat' dir='ltr'><strong>‘l</strong></span> <span class='ocrx_word' id='word_1_776' title='bbox 1528 4644 1585 4684; x_wconf 89' lang='lat' dir='ltr'><strong>noa</strong></span> <span class='ocrx_word' id='word_1_777' title='bbox 1595 4633 1729 4699; x_wconf 89' lang='lat' dir='ltr'><strong>poterent</strong></span> <span class='ocrx_word' id='word_1_778' title='bbox 1739 4628 1789 4687; x_wconf 91' lang='lat' dir='ltr'><strong>illu</strong></span> <span class='ocrx_word' id='word_1_779' title='bbox 1797 4631 1899 4690; x_wconf 83' lang='lat' dir='ltr'><strong>venire</strong></span> 
     </span>
     <span class='ocr_line' id='line_1_81' title="bbox 1038 4713 1899 4788; baseline 0.009 -17"><span class='ocrx_word' id='word_1_780' title='bbox 1038 4731 1097 4788; x_wconf 92' lang='lat' dir='ltr'><strong>quo</strong></span> <span class='ocrx_word' id='word_1_781' title='bbox 1108 4713 1156 4770; x_wconf 90' lang='lat' dir='ltr'><strong>ille</strong></span> <span class='ocrx_word' id='word_1_782' title='bbox 1167 4714 1351 4786; x_wconf 75' lang='lat' dir='ltr'><strong>perrexisset,</strong></span> <span class='ocrx_word' id='word_1_783' title='bbox 1363 4713 1387 4770; x_wconf 87' lang='lat' dir='ltr'><strong>si</strong></span> <span class='ocrx_word' id='word_1_784' title='bbox 1403 4715 1771 4788; x_wconf 81' lang='lat' dir='ltr'><strong>interficeretaemetipsum</strong></span> <span class='ocrx_word' id='word_1_785' title='bbox 1781 4719 1796 4774; x_wconf 82' lang='lat' dir='ltr'><strong>t</strong></span> <span class='ocrx_word' id='word_1_786' title='bbox 1808 4720 1899 4778; x_wconf 89' lang='lat' dir='ltr'><strong>Num-</strong></span> 
     </span>
     <span class='ocr_line' id='line_1_82' title="bbox 1039 4802 1898 4885; baseline 0.009 -26"><span class='ocrx_word' id='word_1_787' title='bbox 1039 4803 1108 4877; x_wconf 90' lang='lat' dir='ltr'><strong>quid</strong></span> <span class='ocrx_word' id='word_1_788' title='bbox 1124 4802 1181 4876; x_wconf 92' lang='lat' dir='ltr'><strong>ipsi</strong></span> <span class='ocrx_word' id='word_1_789' title='bbox 1193 4817 1250 4858; x_wconf 90' lang='lat' dir='ltr'><strong>nou</strong></span> <span class='ocrx_word' id='word_1_790' title='bbox 1262 4806 1345 4859; x_wconf 88' lang='lat' dir='ltr'><strong>eraut</strong></span> <span class='ocrx_word' id='word_1_791' title='bbox 1358 4804 1493 4860; x_wconf 88' lang='lat' dir='ltr'><strong>morituri</strong></span> <span class='ocrx_word' id='word_1_792' title='bbox 1504 4804 1518 4859; x_wconf 83' lang='lat' dir='ltr'><strong>l</strong></span> <span class='ocrx_word' id='word_1_793' title='bbox 1528 4804 1602 4869; x_wconf 83' lang='lat' dir='ltr'><strong>Quid</strong></span> <span class='ocrx_word' id='word_1_794' title='bbox 1612 4810 1745 4880; x_wconf 89' lang='lat' dir='ltr'><strong>eatergu,</strong></span> <span class='ocrx_word' id='word_1_795' title='bbox 1756 4808 1898 4885; x_wconf 79' lang='lat' dir='ltr'><strong>Numquid</strong></span> 
     </span>
     <span class='ocr_line' id='line_1_83' title="bbox 1037 4893 1899 4972; baseline 0.01 -22"><span class='ocrx_word' id='word_1_796' title='bbox 1037 4893 1184 4963; x_wconf 66' lang='lat' dir='ltr'><strong>interficiet</strong></span> <span class='ocrx_word' id='word_1_797' title='bbox 1196 4893 1400 4964; x_wconf 63' lang='lat' dir='ltr'><strong>semetipsum</strong></span> <span class='ocrx_word' id='word_1_798' title='bbox 1416 4895 1483 4967; x_wconf 83' lang='lat' dir='ltr'><strong>puin</strong></span> <span class='ocrx_word' id='word_1_799' title='bbox 1502 4893 1586 4965; x_wconf 78' lang='lat' dir='ltr'><strong>dixit,</strong></span> <span class='ocrx_word' id='word_1_800' title='bbox 1598 4896 1655 4964; x_wconf 83' lang='lat' dir='ltr'><strong>Quo</strong></span> <span class='ocrx_word' id='word_1_801' title='bbox 1677 4913 1728 4969; x_wconf 81' lang='lat' dir='ltr'><strong>epo</strong></span> <span class='ocrx_word' id='word_1_802' title='bbox 1752 4899 1832 4972; x_wconf 64' lang='lat' dir='ltr'><strong>uum,</strong></span> <span class='ocrx_word' id='word_1_803' title='bbox 1852 4917 1899 4959; x_wconf 82' lang='lat' dir='ltr'><strong>uos</strong></span> 
     </span>
     <span class='ocr_line' id='line_1_84' title="bbox 1037 4981 1899 5062; baseline 0.009 -22"><span class='ocrx_word' id='word_1_804' title='bbox 1037 4999 1093 5040; x_wconf 85' lang='lat' dir='ltr'><strong>uon</strong></span> <span class='ocrx_word' id='word_1_805' title='bbox 1106 4983 1216 5052; x_wconf 75' lang='lat' dir='ltr'><strong>petratio</strong></span> <span class='ocrx_word' id='word_1_806' title='bbox 1226 4981 1344 5040; x_wconf 80' lang='lat' dir='ltr'><strong>uenire?</strong></span> <span class='ocrx_word' id='word_1_807' title='bbox 1357 4983 1388 5040; x_wconf 82' lang='lat' dir='ltr'><strong>Si</strong></span> <span class='ocrx_word' id='word_1_808' title='bbox 1402 4984 1438 5041; x_wconf 89' lang='lat' dir='ltr'><strong>de</strong></span> <span class='ocrx_word' id='word_1_809' title='bbox 1448 4990 1538 5042; x_wconf 89' lang='lat' dir='ltr'><strong>morte</strong></span> <span class='ocrx_word' id='word_1_810' title='bbox 1551 4984 1678 5043; x_wconf 89' lang='lat' dir='ltr'><strong>bominis</strong></span> <span class='ocrx_word' id='word_1_811' title='bbox 1691 4987 1810 5058; x_wconf 83' lang='lat' dir='ltr'><strong>diceret,</strong></span> <span class='ocrx_word' id='word_1_812' title='bbox 1829 4991 1899 5062; x_wconf 87' lang='lat' dir='ltr'><strong>quis</strong></span> 
     </span>
     <span class='ocr_line' id='line_1_85' title="bbox 1038 5072 1900 5147; baseline 0.008 -17"><span class='ocrx_word' id='word_1_813' title='bbox 1038 5073 1126 5131; x_wconf 91' lang='lat' dir='ltr'><strong>bomo</strong></span> <span class='ocrx_word' id='word_1_814' title='bbox 1136 5088 1193 5130; x_wconf 89' lang='lat' dir='ltr'><strong>nun</strong></span> <span class='ocrx_word' id='word_1_815' title='bbox 1207 5072 1490 5146; x_wconf 80' lang='lat' dir='ltr'><strong>moritur&#39;ldrgoquo</strong></span> <span class='ocrx_word' id='word_1_816' title='bbox 1503 5090 1551 5147; x_wconf 78' lang='lat' dir='ltr'><strong>epo</strong></span> <span class='ocrx_word' id='word_1_817' title='bbox 1560 5074 1630 5132; x_wconf 82' lang='lat' dir='ltr'><strong>uodo</strong></span> <span class='ocrx_word' id='word_1_818' title='bbox 1640 5076 1724 5144; x_wconf 87' lang='lat' dir='ltr'><strong>dixit,</strong></span> <span class='ocrx_word' id='word_1_819' title='bbox 1732 5093 1790 5135; x_wconf 91' lang='lat' dir='ltr'><strong>non</strong></span> <span class='ocrx_word' id='word_1_820' title='bbox 1802 5094 1873 5137; x_wconf 87' lang='lat' dir='ltr'><strong>oum</strong></span> <span class='ocrx_word' id='word_1_821' title='bbox 1886 5078 1900 5116; x_wconf 79' lang='lat'><strong>¹</strong></span> 
     </span>
     <span class='ocr_line' id='line_1_86' title="bbox 1049 5163 1900 5239; baseline 0.012 -19"><span class='ocrx_word' id='word_1_822' title='bbox 1049 5167 1097 5220; x_wconf 92' lang='lat' dir='ltr'><strong>tur</strong></span> <span class='ocrx_word' id='word_1_823' title='bbox 1109 5164 1144 5219; x_wconf 92' lang='lat' dir='ltr'><strong>ad</strong></span> <span class='ocrx_word' id='word_1_824' title='bbox 1165 5167 1299 5232; x_wconf 88' lang='lat' dir='ltr'><strong>mortem,</strong></span> <span class='ocrx_word' id='word_1_825' title='bbox 1314 5163 1364 5219; x_wconf 91' lang='lat' dir='ltr'><strong>sed</strong></span> <span class='ocrx_word' id='word_1_826' title='bbox 1381 5180 1438 5235; x_wconf 93' lang='lat' dir='ltr'><strong>quo</strong></span> <span class='ocrx_word' id='word_1_827' title='bbox 1452 5164 1513 5223; x_wconf 91' lang='lat' dir='ltr'><strong>ibet</strong></span> <span class='ocrx_word' id='word_1_828' title='bbox 1532 5166 1595 5239; x_wconf 83' lang='lat' dir='ltr'><strong>ipso</strong></span> <span class='ocrx_word' id='word_1_829' title='bbox 1611 5172 1675 5239; x_wconf 87' lang='lat' dir='ltr'><strong>poet</strong></span> <span class='ocrx_word' id='word_1_830' title='bbox 1694 5174 1830 5227; x_wconf 87' lang='lat' dir='ltr'><strong>martem.</strong></span> <span class='ocrx_word' id='word_1_831' title='bbox 1850 5170 1900 5230; x_wconf 91' lang='lat' dir='ltr'><strong>llll</strong></span> 
     </span>
     <span class='ocr_line' id='line_1_87' title="bbox 1038 5252 1741 5329; baseline 0.009 -20"><span class='ocrx_word' id='word_1_832' title='bbox 1038 5252 1137 5325; x_wconf 89' lang='lat' dir='ltr'><strong>itaque</strong></span> <span class='ocrx_word' id='word_1_833' title='bbox 1152 5269 1208 5310; x_wconf 90' lang='lat' dir='ltr'><strong>uon</strong></span> <span class='ocrx_word' id='word_1_834' title='bbox 1225 5252 1432 5325; x_wconf 84' lang='lat' dir='ltr'><strong>intelligentes,</strong></span> <span class='ocrx_word' id='word_1_835' title='bbox 1447 5255 1504 5312; x_wconf 89' lang='lat' dir='ltr'><strong>ista</strong></span> <span class='ocrx_word' id='word_1_836' title='bbox 1518 5258 1741 5329; x_wconf 88' lang='lat' dir='ltr'><strong>responderunt.</strong></span> 
     </span>
    </p>

    <p class='ocr_par' dir='ltr' id='par_1_23' title="bbox 1038 5343 1897 5498">
     <span class='ocr_line' id='line_1_88' title="bbox 1072 5343 1897 5423; baseline 0.013 -25"><span class='ocrx_word' id='word_1_837' title='bbox 1072 5344 1099 5399; x_wconf 84' lang='lat' dir='ltr'><strong>l.</strong></span> <span class='ocrx_word' id='word_1_838' title='bbox 1116 5343 1306 5400; x_wconf 72' lang='lat' dir='ltr'><strong>binominus</strong></span> <span class='ocrx_word' id='word_1_839' title='bbox 1321 5343 1358 5399; x_wconf 90' lang='lat' dir='ltr'><strong>ad</strong></span> <span class='ocrx_word' id='word_1_840' title='bbox 1382 5345 1495 5417; x_wconf 86' lang='lat' dir='ltr'><strong>eosqui</strong></span> <span class='ocrx_word' id='word_1_841' title='bbox 1519 5349 1626 5404; x_wconf 88' lang='lat' dir='ltr'><strong>terram</strong></span> <span class='ocrx_word' id='word_1_842' title='bbox 1642 5347 1808 5421; x_wconf 86' lang='lat' dir='ltr'><strong>sepiebant,</strong></span> <span class='ocrx_word' id='word_1_843' title='bbox 1825 5349 1897 5423; x_wconf 91' lang='lat' dir='ltr'><strong>quid</strong></span> 
     </span>
     <span class='ocr_line' id='line_1_89' title="bbox 1038 5431 1895 5498; baseline 0.008 -7"><span class='ocrx_word' id='word_1_844' title='bbox 1038 5433 1078 5491; x_wconf 86' lang='lat' dir='ltr'><strong>ait</strong></span> <span class='ocrx_word' id='word_1_845' title='bbox 1091 5431 1106 5488; x_wconf 80' lang='lat' dir='ltr'><strong>t</strong></span> <span class='ocrx_word' id='word_1_846' title='bbox 1121 5434 1153 5488; x_wconf 86' lang='lat' dir='ltr'><strong>lit</strong></span> <span class='ocrx_word' id='word_1_847' title='bbox 1166 5432 1275 5489; x_wconf 81' lang='lat' dir='ltr'><strong>dicebat</strong></span> <span class='ocrx_word' id='word_1_848' title='bbox 1285 5434 1344 5490; x_wconf 82' lang='lat' dir='ltr'><strong>eir:</strong></span> <span class='ocrx_word' id='word_1_849' title='bbox 1361 5434 1407 5490; x_wconf 79' lang='lat' dir='ltr'><strong>Vos</strong></span> <span class='ocrx_word' id='word_1_850' title='bbox 1419 5434 1453 5490; x_wconf 86' lang='lat' dir='ltr'><strong>de</strong></span> <span class='ocrx_word' id='word_1_851' title='bbox 1468 5435 1596 5493; x_wconf 63' lang='lat' dir='ltr'><strong>morsum</strong></span> <span class='ocrx_word' id='word_1_852' title='bbox 1608 5439 1685 5495; x_wconf 74' lang='lat' dir='ltr'><strong>estin</strong></span> <span class='ocrx_word' id='word_1_853' title='bbox 1702 5439 1770 5497; x_wconf 90' lang='lat' dir='ltr'><strong>ldeu</strong></span> <span class='ocrx_word' id='word_1_854' title='bbox 1784 5444 1895 5498; x_wconf 87' lang='lat' dir='ltr'><strong>terrem</strong></span> 
     </span>
    </p>
   </div>
   <div class='ocr_carea' id='block_1_20' title="bbox 1038 5524 1903 5599">
    <p class='ocr_par' dir='ltr' id='par_1_24' title="bbox 1038 5524 1903 5599">
     <span class='ocr_line' id='line_1_90' title="bbox 1038 5524 1903 5599; baseline 0.007 -16"><span class='ocrx_word' id='word_1_855' title='bbox 1038 5524 1155 5598; x_wconf 85' lang='lat' dir='ltr'><strong>sapitis,</strong></span> <span class='ocrx_word' id='word_1_856' title='bbox 1171 5524 1221 5595; x_wconf 91' lang='lat' dir='ltr'><strong>qai</strong></span> <span class='ocrx_word' id='word_1_857' title='bbox 1233 5524 1311 5581; x_wconf 88' lang='lat' dir='ltr'><strong>sicut</strong></span> <span class='ocrx_word' id='word_1_858' title='bbox 1321 5528 1470 5597; x_wconf 78' lang='lat' dir='ltr'><strong>serpentes</strong></span> <span class='ocrx_word' id='word_1_859' title='bbox 1483 5528 1593 5586; x_wconf 88' lang='lat' dir='ltr'><strong>terram</strong></span> <span class='ocrx_word' id='word_1_860' title='bbox 1606 5527 1803 5588; x_wconf 85' lang='lat' dir='ltr'><strong>manducetis.</strong></span> <span class='ocrx_word' id='word_1_861' title='bbox 1819 5531 1903 5599; x_wconf 83' lang='lat' dir='ltr'><strong>ouid-</strong></span> 
     </span>
    </p>
   </div>
   <div class='ocr_carea' id='block_1_21' title="bbox 1069 5658 1522 5786">
    <p class='ocr_par' dir='ltr' id='par_1_25' title="bbox 1069 5658 1522 5786">
     <span class='ocr_line' id='line_1_91' title="bbox 1070 5658 1522 5723; baseline 0.007 -13"><span class='ocrx_word' id='word_1_862' title='bbox 1070 5662 1080 5698; x_wconf 94' lang='lat'>¹</span> <span class='ocrx_word' id='word_1_863' title='bbox 1096 5658 1186 5719; x_wconf 72' lang='lat' dir='ltr'><strong>Abest,</strong></span> <span class='ocrx_word' id='word_1_864' title='bbox 1201 5672 1256 5723; x_wconf 84' lang='lat' dir='ltr'><strong>nee,</strong></span> <span class='ocrx_word' id='word_1_865' title='bbox 1270 5658 1304 5711; x_wconf 86' lang='lat' dir='ltr'><strong>ab</strong></span> <span class='ocrx_word' id='word_1_866' title='bbox 1318 5658 1443 5711; x_wconf 83' lang='lat' dir='ltr'><strong>omuibus</strong></span> <span class='ocrx_word' id='word_1_867' title='bbox 1458 5661 1522 5713; x_wconf 77' lang='lat' dir='ltr'><strong>Dur.</strong></span> 
     </span>
     <span class='ocr_line' id='line_1_92' title="bbox 1069 5720 1433 5786; baseline 0.008 -15"><span class='ocrx_word' id='word_1_868' title='bbox 1069 5720 1202 5786; x_wconf 73' lang='lat' dir='ltr'><strong>lAliquot</strong></span> <span class='ocrx_word' id='word_1_869' title='bbox 1215 5722 1289 5784; x_wconf 75' lang='lat' dir='ltr'><strong>blm,</strong></span> <span class='ocrx_word' id='word_1_870' title='bbox 1304 5734 1360 5773; x_wconf 78' lang='lat' dir='ltr'><strong>uon</strong></span> <span class='ocrx_word' id='word_1_871' title='bbox 1373 5735 1433 5786; x_wconf 85' lang='lat' dir='ltr'><strong>quc.</strong></span> 
     </span>
    </p>
   </div>
   <div class='ocr_carea' id='block_1_22' title="bbox 0 0 1980 6150">
    <p class='ocr_par' dir='ltr' id='par_1_26' title="bbox 0 0 1980 6150">
     <span class='ocr_line' id='line_1_93' title="bbox 0 0 1980 6150; baseline 0 0"><span class='ocrx_word' id='word_1_872' title='bbox 0 0 1980 6150; x_wconf 95' lang='lat' dir='ltr'><strong> </strong></span> 
     </span>
    </p>
   </div>
  </div>
 </body>
</html>
