3952 6150
120 186 193 248 etis
877 178 1070 242 iurarunt.
1758 200 1830 263 24„

156 296 272 367 leto).
290 293 576 367 -llpostolusdloit
591 293 741 352 Christum
773 306 828 367 pro
852 294 948 351 omnl-
1002 292 1177 360 Gentilibus,
1188 310 1244 352 neo
1256 292 1461 355 baberslacite
1470 301 1505 356 de
1517 298 1565 359 his
1576 306 1765 378 scandalum,
1776 314 1830 385 qui

118 367 177 423 bus
190 372 345 425 mortuum
359 382 425 422 esse
445 384 452 421 ε
468 367 509 421 sio
525 366 670 433 enimait,
686 369 759 439 Ergo
773 380 861 422 omnes
877 380 949 421 mor·
1002 380 1063 420 nou
1076 372 1173 421 esseut
1189 367 1226 422 da
1241 382 1348 437 genere
1360 370 1460 427 tsrasl.
1476 374 1538 429 Non
1555 389 1626 446 ergo
1639 379 1828 442 simulatione

119 438 161 494 tui
175 443 250 503 suut,
267 444 292 493 et
301 455 351 508 pro
360 437 481 493 omnibus
490 445 612 493 mortuus
621 440 702 511 ostili
716 442 780 496 Cor.
795 454 824 504 v,
835 438 879 505 tl,
894 440 946 507 te).
1001 436 1058 492 hoc
1073 438 1151 501 lecit,
1168 439 1221 493 sed
1238 439 1387 497 violentia.
1400 442 1497 523 Supra
1508 444 1588 503 dlcia
1601 450 1680 504 enini
1690 467 1782 510 caiisa
1792 457 1829 511 si·

119 512 186 582 lpse
199 525 268 566 vero
284 509 427 566 Dominus
443 511 492 575 eit,
518 508 595 564 Venit
622 510 714 565 Filius
738 508 854 565 hominis
882 507 948 562 dure
1002 507 1196 564 mulationem
1216 509 1321 567 habuit
1334 527 1394 568 noii
1410 515 1576 574 minimam.
1592 524 1663 575 Num
1680 523 1764 579 multi
1782 541 1828 581 re-

119 582 241 637 orimum
255 581 603 652 suomredemptiniieuipro
614 580 946 653 sollicitissimam).
1001 581 1140 650 prehensi
1151 587 1220 636 sunt
1232 581 1262 636 in
1273 581 1329 638 hac
1342 599 1444 649 causa,
1453 586 1493 641 ita
1510 590 1543 642 ut
1552 589 1644 662 aliqui
1655 593 1828 653 iudeorum

119 656 181 709 lioc
197 653 288 709 inodo
304 654 501 707 contrarium.
1001 656 1027 706 et
1043 651 1194 706 Barnabas
1206 654 1405 710 consentirent
1420 656 1489 711 huic
1504 659 1695 719 simulationi.

157 722 507 795 Verbaquidemdiversa
518 726 597 788 suut,
610 723 663 779 sed
680 738 758 780 uuus
770 727 945 786 estsensns;
1038 720 1091 775 th
1102 728 1153 791 (o).
1167 752 1200 762 -
1213 725 1373 794 Apostolus
1386 727 1436 791 ait,
1458 727 1514 784 Nos
1537 735 1641 787 notura
1663 735 1764 791 iudei.
1788 738 1828 794 De

118 794 396 867 quomodoiterum
412 793 504 850 verba
528 796 634 851 eedem
658 795 810 851 diversum
834 793 948 848 habent
998 791 1828 875 iudoeisergoiudaeosuasciostendit.Deniqueineremo

118 881 254 930 sensum,
268 870 383 937 utputa,
400 866 481 921 Omne
490 865 563 937 quod
576 880 630 923 ιιοιι
641 872 680 921 ιιι
693 882 726 920 eo
739 865 800 936 fide,
810 872 947 935 peecatum
999 865 1051 933 qtil
1067 865 1128 919 nuti
1144 874 1222 929 sunt,
1239 881 1299 921 non
1310 868 1583 928 circumcisiludiei
1596 881 1691 930 erant.
1707 879 1769 934 iton
1783 894 1827 935 er

118 945 158 994 est
168 939 257 1009 (Rom.
272 952 328 1002 ιιι,
341 937 387 1006 23)
401 953 407 1002 ;
421 942 459 1002 ei,
471 938 535 1001 Lex,
549 937 600 1003 uit,
621 943 720 995 nonest
731 953 764 992 ee
775 936 826 1007 tide
842 933 945 1006 (Galat.
1000 948 1039 1004 go
1054 936 1237 990 circumcisio
1248 937 1386 994 iudaeum
1402 939 1480 1006 iacit,
1498 943 1550 997 sed
1561 946 1699 1001 nativitas
1711 948 1767 1005 sub
1778 948 1828 1007 hei

118 1022 160 1078 in,
177 1011 229 1080 te),
243 1023 298 1065 nec
316 1016 416 1064 tamen
432 1016 588 1079 peccatum
610 1014 665 1064 est.
679 1010 738 1067 llos
769 1022 841 1078 ergo
867 1019 945 1078 quoi
1000 1007 1141 1061 creatoris
1156 1007 1314 1065 devotione
1330 1012 1494 1081 progenita.
1516 1014 1543 1069 Si
1561 1030 1632 1085 ergo
1654 1018 1691 1072 de
1714 1017 1826 1076 iudiels

117 1080 232 1137 multos
246 1080 319 1135 dixit
333 1079 478 1146 Salvator,
498 1081 580 1150 ipsos
603 1080 762 1152 Apostolus
786 1092 893 1134 omues
906 1077 947 1132 si·
999 1077 1277 1144 indicinascuntur,
1291 1087 1319 1135 et
1332 1081 1369 1136 ds
1380 1084 1506 1152 laganis
1517 1087 1627 1155 Pagnni
1640 1097 1826 1157 nascuntur;

118 1150 281 1223 guillonvit.
297 1150 375 1208 llulti
389 1151 469 1206 enim
485 1158 563 1217 sunt,
579 1152 650 1221 onia
663 1151 797 1207 maxima
814 1163 885 1220 pars
910 1160 947 1204 ex
998 1147 1090 1203 ettam
1105 1149 1142 1203 de
1155 1149 1328 1206 Christianis
1348 1153 1506 1209 Christiani
1521 1163 1692 1214 nascuntur.

118 1224 203 1280 omni
223 1221 335 1295 populo
349 1228 377 1277 et
392 1226 478 1293 gente
491 1222 638 1278 creditura
652 1221 855 1278 estSatvatort.
872 1221 945 1276 Istos
1036 1222 1098 1273 iton
1110 1235 1199 1275 oinne
1210 1223 1291 1293 quod
1305 1225 1511 1289 nascitur,hoc
1522 1232 1657 1300 estquod
1670 1231 1828 1289 undenas·

117 1294 282 1365 Apostolus
297 1293 451 1349 credentes
472 1308 578 1348 omnes
596 1294 788 1364 nuncuparit.
803 1292 851 1347 Sic
864 1292 945 1346 euim
999 1289 1085 1344 citur.
1102 1294 1175 1346 Nam
1190 1298 1217 1346 et
1230 1309 1337 1348 aurum
1351 1294 1388 1350 de
1404 1300 1481 1352 terra
1493 1300 1635 1366 nascitur,
1649 1306 1705 1358 etc.

120 1366 195 1421 inter
212 1370 320 1421 castora
335 1364 384 1431 ait,
401 1364 457 1420 Pro
468 1364 590 1419 omnihus
606 1370 726 1420 mortuui
742 1369 798 1432 est‚·
820 1361 867 1417 lits
894 1361 947 1417 uti·
1035 1360 1104 1414 LVll
1121 1362 1166 1432 (ὺ).
1181 1392 1215 1404 -
1232 1361 1309 1431 Ouid
1326 1380 1402 1436 opus
1420 1374 1483 1423 erat
1505 1376 1536 1423 ut
1558 1370 1677 1427 Galatas
1696 1387 1826 1444 arguens

117 1448 178 1509 que
193 1436 244 1508 qui
259 1435 450 1491 crediderunt
464 1442 492 1491 et
507 1435 647 1492 credituri
659 1439 736 1490 sunt.
754 1436 801 1490 Est
815 1434 905 1489 etiam
918 1434 947 1487 et
999 1432 1436 1506 Apostolushucluterponerei.
1450 1437 1558 1494 Galatis
1569 1443 1648 1497 enim
1658 1446 1829 1514 postllvan-

141 1523 175 1563 ιο
190 1508 261 1579 ipsis
275 1511 421 1571 mortuus,
437 1507 487 1579 qui
508 1508 628 1562 credere
652 1508 758 1562 nolunt
773 1505 844 1560 :sed
871 1502 947 1559 dum
998 1502 1111 1572 getium
1126 1504 1163 1558 ad
1182 1507 1288 1574 legem
1303 1506 1546 1577 confugientibus
1563 1511 1638 1567 inter
1652 1521 1760 1569 cieteia
1774 1516 1826 1582 ait,

117 1594 128 1634 ι
150 1577 351 1634 lbenetloium
364 1593 425 1633 non
448 1578 603 1649 recipiunt,
629 1577 733 1633 nolunt
748 1590 803 1647 pro
818 1591 849 1630 se
865 1589 947 1630 mor·
998 1573 1226 1630 Mediutornutem
1239 1578 1321 1631 unius
1333 1584 1438 1642 nonest,
1455 1579 1619 1638 lieusoutem
1629 1598 1699 1638 uuus
1714 1593 1750 1640 est
1763 1586 1828 1656 (Go-

119 1654 206 1707 tuum
218 1664 284 1704 esse
299 1648 515 1714 Christum3ac
551 1663 583 1704 er
596 1649 727 1704 hocnon
739 1647 946 1703 videturmnr·
999 1643 1048 1701 int.
1064 1661 1103 1713 ιιι,
1126 1648 1189 1717 ιο);
1226 1649 1289 1703 uasi
1305 1649 1415 1704 Galatis
1437 1666 1532 1707 unuin
1557 1651 1651 1710 Deum
1672 1662 1825 1727 negarent.

117 1726 190 1777 tuus
204 1720 326 1792 probis,
342 1719 454 1792 quibus
467 1662 680 1790 nihifproluit,
696 1719 748 1774 sed
774 1719 870 1789 magis
893 1717 947 1772 ob·
1000 1716 1116 1788 Quippe
1129 1732 1197 1773 cuni
1238 1733 1273 1773 ac
1283 1720 1397 1775 ratione
1412 1720 1524 1778 inducti
1540 1724 1570 1778 in
1585 1726 1670 1795 Lege,
1685 1734 1715 1781 nt
1730 1742 1826 1784 unum

118 1792 183 1848 luit.
199 1794 253 1847 t’ro
267 1792 315 1847 his
334 1795 435 1847 nutem
451 1790 506 1846 rite
525 1796 661 1846 mortuus
687 1789 805 1856 dicitur,
835 1786 947 1860 quibus
1001 1790 1094 1843 lieum
1108 1794 1136 1843 ct
1154 1788 1335 1858 singularem
1360 1791 1512 1849 crederent
1529 1794 1701 1852 :Christum
1725 1804 1826 1854 nutem

119 1862 266 1936 acquisita
280 1862 401 1917 victoria
413 1865 467 1926 est,
484 1862 535 1933 qui
548 1861 745 1931 intelligentes
759 1860 945 1932 mysterium,
999 1858 1169 1915 ministrum
1184 1865 1298 1916 tantum
1311 1877 1348 1916 ex
1362 1863 1622 1933 predestinatione
1654 1867 1771 1924 venisse
1786 1869 1827 1925 ad

117 1936 178 1991 Deo
192 1934 302 2004 granas
317 1932 457 1998 referunt,
473 1948 526 2005 per
540 1934 688 1989 Christum
704 1932 863 1988 ltomlnum
879 1944 947 1985 nos·
998 1928 1235 2002 dispensandum
1248 1931 1362 1987 donum
1379 1934 1483 2002 gratias
1497 1935 1554 1990 liei.

119 2010 215 2063 trum,
1034 2002 1331 2058 llaniiestumestsic
1357 2004 1494 2061 inductos
1518 2006 1649 2064 Galatas
1664 2008 1694 2064 in
1718 2009 1826 2079 Legem

155 2075 199 2130 LV
213 2074 253 2146 (d.
265 2075 274 2147 )
288 2104 321 2115 -
331 2074 388 2131 Cur
399 2072 552 2145 spostolus
566 2071 674 2129 Paulus
690 2072 811 2128 Petrum
837 2086 948 2143 nonpo-
999 2071 1090 2127 inisse
1106 2078 1137 2128 ut
1151 2079 1178 2129 et
1192 2073 1341 2129 Christum
1355 2075 1573 2146 profiterentur,
1590 2082 1643 2134 sed
1667 2094 1728 2136 non
1753 2082 1826 2136 sicui

119 2147 229 2203 stolum
254 2161 343 2201 suum
372 2144 571 2216 reprehendit,
594 2144 676 2217 quod
701 2145 872 2200 timenseos
893 2141 948 2214 qul
1000 2144 1720 2231 dignumest,sedmorePhotini3utquiaunum
1733 2151 1826 2208 Deum

118 2224 202 2274 erant
212 2233 249 2272 ex
258 2216 495 2282 circumcisione,
507 2215 703 2273 subtrahebat
713 2213 946 2272 suadenttllbus
1000 2214 1056 2269 Lex
1073 2214 1226 2285 praedicat,
1248 2222 1351 2274 contre
1366 2217 1472 2288 Legem
1496 2220 1532 2274 sit
1547 2236 1570 2276 si
1590 2221 1721 2278 Christus
1748 2226 1825 2277 heus

119 2289 225 2361 (Geloi.
240 2305 268 2355 ιι,
282 2291 327 2352 lt,
341 2288 396 2353 tlt,
411 2304 480 2343 cnm
493 2294 521 2343 et
537 2288 601 2357 ipse
617 2289 725 2344 timens
736 2286 847 2411 eosqui
862 2288 948 2341 erant
999 2287 1125 2365 dicatur.
1141 2289 1199 2342 lloc
1212 2293 1415 2345 commentum
1427 2290 1600 2347 iudaeorum
1616 2298 1669 2359 est,
1695 2293 1746 2365 qui
1762 2308 1826 2349 ma·

118 2375 156 2417 ex
190 2358 427 2424 circumcisione,
453 2358 604 2430 accipiens
640 2356 826 2413 circumcidi
852 2358 948 2412 Timo·
1000 2355 1140 2424 gnnlibus
1156 2358 1297 2414 virtutum
1314 2359 1383 2415 victi
1406 2360 1597 2420 crediderunt
1618 2368 1687 2435 post
1704 2379 1825 2421 crucem

119 2432 234 2494 iheum,
249 2429 332 2502 quod
345 2428 598 2556 tlerinohibebat
611 2429 684 2498 (Act.
698 2444 757 2495 xri,
773 2429 825 2501 3)?
842 2428 947 2499 etipse
1000 2427 1116 2492 Christi,
1130 2428 1173 2485 ita
1187 2436 1218 2486 ut
1229 2430 1401 2501 prolitentes
1416 2432 1572 2500 Christum,
1594 2434 1701 2504 Legem
1725 2438 1826 2491 tamen

120 2516 193 2572 ergo
206 2500 411 2581 reprehendun
437 2517 470 2555 us
487 2500 560 2558 esti
1000 2503 1162 2567 servarent,
1178 2500 1265 2581 quasi
1280 2516 1340 2556 uon
1354 2509 1432 2559 esset
1452 2503 1550 2559 omnis
1571 2520 1640 2577 spes
1653 2505 1683 2560 in
1709 2504 1826 2563 Christo

156 2573 501 2629 incredibileesttantum
511 2570 682 2643 apostolum
690 2567 948 2626 lneoslierumre·
1000 2571 1152 2642 ponenda.
1167 2571 1200 2625 lli
1216 2577 1369 2645 suntquos
1381 2574 1540 2645 Apostolus
1550 2574 1641 2631 falsos
1658 2576 1762 2633 iratres
1775 2592 1827 2650 ep·

119 2644 327 2772 Rrehendisse,
342 2644 370 2699 in
387 2657 447 2715 quo
462 2658 493 2698 se
515 2643 603 2698 eoiret
626 2641 832 2697 succubuisse.
856 2642 948 2696 lloos
1001 2641 1090 2713 pellat
1108 2640 1162 2714 (ld.
1185 2658 1214 2708 ii,
1232 2643 1258 2708 l,
1279 2649 1305 2696 et
1327 2643 1348 2696 ll
1367 2645 1431 2699 Cor.
1454 2661 1492 2707 xi,
1519 2646 1576 2718 ιθ).
1597 2646 1645 2703 tstt
1663 2662 1734 2719 ergo
1756 2651 1828 2719 posi

154 2732 183 2771 m
201 2730 313 2785 magno
329 2714 390 2770 viro
403 2713 526 2779 lactum,
541 2712 707 2768 nonestias
719 2712 839 2768 eredere
855 2711 947 2781 3quis
1000 2714 1210 2784 Apostolorum
1227 2714 1607 2780 traditionem,Galatarum
1626 2734 1748 2774 sensum
1764 2734 1826 2774 cor-

119 2787 156 2843 iis
184 2786 326 2857 competit
348 2784 400 2857 qul
428 2784 587 2840 carnaliter
606 2784 719 2839 vivunt.
746 2786 832 2840 Caret
846 2782 947 2853 itaque
1000 2799 1034 2838 ru
1059 2789 1153 2848 erant,
1174 2784 1213 2837 ita
1226 2790 1258 2839 ut
1271 2783 1391 2840 Judaeos
1406 2801 1456 2841 eos
1481 2786 1611 2844 lucerent
1627 2789 1683 2845 sub
1704 2790 1827 2845 nomine

120 2857 249 2930 apostoli
269 2852 348 2912 Pauli
371 2855 485 2912 lactum
505 2854 745 2926 reprehensione.
767 2856 841 2908 Cum
866 2854 947 2933 enim
1000 2799 1168 2910 SaYvatoris.
1186 2854 1258 2909 illuc
1273 2855 1433 2925 Apostolus
1449 2857 1597 2914 Christum
1617 2859 1687 2916 dicit
1710 2861 1827 2915 venisse

119 2927 296 2999 pitedicaret
310 2942 371 2983 non
383 2926 567 2992 circumcidi,
588 2922 694 2981 rolens
722 2931 822 2980 antem
852 2922 949 2978 Timo·
1001 2925 1144 2981 arbitrum
1160 2926 1394 2981 circumcisionis
1409 2932 1438 2983 et
1449 2930 1598 3000 praeputil,
1614 2930 1689 2985 sicui
1704 2930 1774 2986 dlcit
1789 2930 1826 2986 ad

120 3000 224 3057 iheum
239 3014 341 3055 secum
356 3013 519 3062 assumere,
536 2997 587 3070 qui
602 3012 671 3052 cum
686 3000 763 3051 esset
777 3000 864 3050 natus
883 3006 948 3049 me·
1002 2996 1143 3067 Ephesios
1156 3010 1162 3048 z
1176 2996 1210 3049 lii
1229 3012 1281 3049 uuo
1297 3012 1362 3052 nouo
1375 2997 1482 3053 homine
1497 2999 1700 3073 facienspncem
1714 3001 1824 3073 (Epire.

122 3076 164 3127 tre
178 3070 291 3139 Judoea,
307 3074 389 3142 patre
402 3070 624 3135 autemGroeco,
636 3071 666 3122 et
679 3068 735 3122 hoo
746 3065 856 3122 iudaeis
870 3067 950 3121 esset
1001 3083 1030 3130 ii,
1045 3067 1098 3137 15).
1112 3068 1139 3122 Si
1153 3081 1224 3135 ergo
1237 3067 1346 3122 arbiter
1356 3069 1436 3123 venit
1446 3071 1591 3137 Christus,
1602 3072 1711 3128 arbiter
1726 3078 1826 3129 autern

122 3141 312 3207 scandalum,
329 3146 360 3196 ut
370 3156 407 3196 ex
420 3139 636 3196 iudaesnatum
647 3138 891 3194 incircumcisum
903 3150 949 3192 as·
1001 3138 1043 3193 sic
1057 3137 1127 3193 lucit
1142 3152 1247 3209 pacem
1260 3136 1335 3193 inter
1349 3137 1437 3208 duos,
1454 3144 1486 3193 ut
1500 3155 1611 3196 noram
1626 3142 1760 3214 regulam
1776 3159 1827 3214 po-

121 3221 253 3269 sumeret
267 3229 274 3279 ;
287 3220 356 3268 tuuc
374 3211 551 3281 subjectioni
567 3226 598 3266 se
619 3210 760 3265 submisit
774 3207 813 3264 ad
828 3208 946 3273 boram,
1001 3207 1363 3277 nai‚aulerensambobus
1372 3211 1579 3281 professiones,
1587 3213 1825 3277 reconciliateos,

121 3282 712 3355 etaccipienscircnmcidtteum.ltemer
733 3278 948 3350 osuperiluam
1002 3280 1743 3350 ntejussententiamsecutt,amittantdtscordiam
1773 3283 1827 3339 ris·

123 3355 202 3419 tecit,
214 3355 401 3427 permittente
414 3368 448 3409 eo
462 3355 513 3425 qul
527 3366 636 3425 passus
647 3292 785 3432 estguiu
796 3350 875 3406 enim
886 3354 950 3405 eret
1001 3351 1106 3432 tinum.
1126 3350 1322 3432 indreo'cnim
1335 3352 1594 3431 circumcisionem
1609 3300 1789 3419 vindicasse,
1799 3360 1827 3410 et

122 3440 160 3483 ex
171 3434 267 3482 matre
279 3425 393 3490 iudea,
404 3425 538 3480 eruditus
554 3425 592 3480 ab
608 3422 733 3479 inieritis
744 3437 775 3477 in
792 3430 949 3493 synagoge
1003 3422 1104 3478 Gentili
1115 3430 1306 3493 proepuitttm,
1317 3421 1468 3478 discordia
1480 3424 1520 3479 lit.
1531 3427 1603 3480 Cum
1615 3440 1684 3481 vero
1694 3426 1751 3481 hoc
1765 3441 1828 3481 arn·

121 3498 226 3554 litteris
255 3495 359 3560 sacris,
393 3495 492 3551 idest
518 3493 719 3550 voluminibus
747 3492 947 3557 tlsbroeorum,
1001 3493 1826 3565 bobusauiertunlitpux.Siigituisicsehoechabent,

146 3568 259 3624 ermisit
273 3566 445 3623 circumcidi
460 3582 503 3632 se,
520 3569 552 3620 ιιι
564 3564 675 3622 iudaeis
695 3563 872 3621 scandulum
894 3562 950 3618 tol·
1002 3564 1156 3636 quomodo
1170 3579 1237 3630 ros,
1253 3564 1359 3635 inquit,
1376 3565 1483 3620 Galatis
1505 3565 1601 3623 iudaei
1623 3567 1700 3632 iacti,
1722 3566 1826 3623 Christi

122 3582 206 3706 feret,
219 3638 291 3710 quta
304 3638 400 3693 zelum
414 3635 567 3694 hebebant
587 3635 704 3705 generis
734 3636 789 3690 sui.
816 3632 950 3705 Denique
1003 3634 1158 3691 arbitrium
1182 3635 1372 3707 corrumpitis
1391 3635 1485 3692 ‘tideo
1505 3637 1578 3693 dixit
1603 3637 1659 3694 illis
1673 3655 1679 3692 :
1694 3636 1829 3693 Eoucuott'

119 3726 181 3767 cusu
196 3709 284 3771 Titui,
298 3709 405 3783 inquit,
419 3712 484 3763 esset
496 3708 617 3771 Graecus,
628 3722 681 3761 uon
693 3704 951 3777 ettcompnisuseir·
1002 3706 1064 3761 estis
1082 3723 1099 3761 o
1113 3704 1232 3761 Christo.
1248 3706 1262 3761 J
1267 3722 1300 3761 us
1314 3705 1391 3761 enim
1403 3708 1653 3764 reconciliationis
1680 3709 1762 3782 qnod
1787 3709 1830 3765 in·

119 3780 240 3838 oumcidi
251 3780 356 3849 (Galat.
381 3794 411 3844 ii,
423 3784 438 3836 3
450 3779 472 3861 ).
483 3780 669 3835 Timotheum
687 3782 799 3846 eutem,
820 3773 891 3847 qula
912 3770 950 3831 de
1004 3784 1047 3833 ter
1061 3792 1113 3833 eos
1129 3778 1323 3833 constituerat
1344 3782 1527 3848 spernentes,
1541 3778 1580 3836 ad
1604 3781 1766 3853 pristinum
1778 3778 1792 3834 i
1798 3795 1830 3835 u·

119 3857 219 3911 melre
232 3853 334 3907 iudaea
346 3857 419 3915 erat,
433 3850 590 3914 sicutdixi,
606 3863 668 3905 non
683 3853 752 3903 sunt
765 3849 845 3918 passi
856 3845 950 3902 iudet
1003 3847 1137 3904 deeorum
1160 3863 1280 3903 sensum
1306 3851 1442 3904 conversi
1458 3854 1537 3916 sunt,
1567 3858 1743 3907 accusantes
1767 3854 1829 3907 tam

120 3922 237 3981 assumi
252 3923 472 3978 interductores
486 3918 790 3976 incircumcisumhd
801 3916 950 3999 hocillnm
1004 3934 1137 3991 ecquam
1153 3919 1416 3976 reconciliatorem.
1427 3920 1612 3977 Omneenlm
1652 3922 1711 3979 uod
1727 3922 1772 3978 dis
1798 3922 1830 3978 li·

121 3993 470 4066 assnmpsitepostoliis‚
481 3997 590 4048 uteum
600 3992 778 4070 episcopum
788 3989 949 4070 ordinaret,
1003 3996 1059 4055 cet,
1074 3996 1241 4046 accusatur.
1257 3991 1441 4062 thuoniam
1454 3993 1518 4048 hieu
1533 4007 1580 4049 res
1596 3938 1714 4050 Gslatas
1724 3993 1764 4050 ad
1776 3938 1829 4049 [e-

122 4066 202 4122 sicut
217 4065 292 4121 lectt.
319 4063 457 4120 Eruditus
473 4062 554 4119 enim
568 4061 749 4135 propheticis
772 4061 897 4126 Litteris,
911 4059 950 4115 ed
1003 4075 1070 4131 gem
1086 4061 1217 4117 converti
1230 4068 1377 4132 coegerat,
1394 4068 1426 4119 ut
1440 4078 1533 4120 unum
1553 4065 1647 4121 Deum
1663 4067 1726 4121 sine
1750 4079 1831 4136 mys·

120 4136 320 4194 asserendum
335 4135 483 4191 Christum
503 4133 628 4190 idonens
647 4133 790 4201 magister
811 4132 951 4187 inventus
1004 4133 1076 4188 terio
1102 4131 1274 4198 faterentur,
1303 4134 1391 4206 quasi
1423 4130 1490 4204 Legi
1516 4141 1593 4191 esset
1616 4136 1781 4197 inimicum,
1805 4133 1830 4189 si

121 4213 177 4265 est.
196 4207 355 4278 Apostolus
370 4206 450 4262 enlm
465 4205 567 4261 Petrus
582 4218 641 4260 nou
654 4206 732 4259 esset
741 4203 949 4274 reprehensus,
1005 4202 1135 4259 Christus
1148 4206 1223 4260 tiens
1235 4204 1383 4260 diceretur
1394 4221 1401 4269 ;
1413 4204 1493 4268 dicit,
1504 4205 1627 4272 Arbiter,
1639 4206 1695 4261 hoc
1708 4208 1762 4268 est,
1778 4219 1830 4258 uie·

122 4279 150 4335 si
164 4294 197 4336 se
221 4279 327 4334 more¹
350 4277 522 4333 iudeorum
536 4291 554 4332 a
569 4275 733 4332 Gentilibus
751 4275 948 4343 segregasset,
1003 4274 1105 4339 dictor,
1125 4276 1208 4330 ouius
1221 4292 1275 4330 oon
1288 4281 1336 4341 est,
1353 4275 1405 4330 sed
1416 4276 1545 4331 duorum
1569 4276 1670 4348 utique
1686 4292 1693 4330 ε
1712 4290 1765 4329 ros
1779 4290 1831 4330 au·

121 4364 162 4406 ne
180 4349 236 4404 illis
250 4348 394 4404 scandalo
415 4352 502 4403 esset.
519 4345 578 4403 Sed
592 4346 650 4402 hoo
669 4346 884 4416 reprehensum
906 4344 952 4399 cst
1005 4354 1063 4402 tem
1077 4346 1263 4402 conversiad
1277 4345 1394 4416 Legem,
1415 4344 1560 4402 arbitrum
1575 4345 1743 4412 recusastis,
1757 4342 1831 4401 Dent

121 4421 156 4477 tn
167 4419 303 4491 apostolo
317 4423 409 4484 Petro,
422 4421 504 4492 quod
518 4433 585 4474 cum
600 4423 668 4475 ante
684 4414 952 4473 Graeciscredentl·
1005 4422 1104 4474 tamen
1115 4424 1240 4473 uuusest.
1254 4418 1317 4483 Quo
1328 4416 1473 4473 dictonon
1487 4417 1528 4473 sic
1538 4414 1725 4473 seChristum
1737 4419 1830 4473 ileum

121 4494 183 4549 bus
196 4490 341 4562 gentiliter
350 4491 470 4555 vireret,
484 4489 710 4546 advenientibus
726 4486 765 4543 ab
778 4485 890 4543 Jacobo
901 4488 951 4542 Ju-
1005 4488 1167 4562 praedicare
1187 4491 1321 4557 testatur,
1338 4491 1368 4542 ut
1384 4487 1509 4543 alterum
1526 4491 1618 4544 Deum
1639 4489 1756 4552 luceret,
1779 4492 1831 4542 aut

123 4563 209 4627 daels,
238 4563 343 4618 timore
372 4561 524 4630 subiectus
552 4575 589 4616 ex
615 4558 779 4616 Gentilibus
807 4556 952 4614 credenti·
1005 4561 1081 4616 duos
1096 4557 1345 4631 profiteretursed
1361 4572 1455 4613 unum
1470 4574 1534 4615 esse
1547 4560 1652 4625 Deum,
1669 4559 1744 4615 sicut
1758 4562 1786 4613 et
1800 4558 1832 4613 in

122 4632 183 4691 bus
196 4633 350 4705 judaizare
370 4633 476 4688 debere
500 4631 639 4689 docebat.
662 4632 733 4686 lllnc
757 4629 851 4695 audit,
865 4629 899 4683 Si
910 4636 951 4693 tii,
1006 4631 1082 4701 Lege
1096 4630 1209 4686 dictum
1226 4634 1279 4684 est.
1296 4628 1370 4694 Quia
1386 4629 1520 4686 Christus
1535 4644 1604 4687 cum
1620 4630 1657 4686 de
1677 4628 1736 4686 Deo
1752 4628 1830 4685 Deus

122 4720 185 4762 eum
199 4705 236 4759 sis
248 4704 370 4769 iudeus,
385 4703 525 4775 gentiliter
537 4702 615 4772 niuis,
630 4702 756 4775 quomodo
770 4701 845 4772 cogis
859 4701 953 4756 Gentes
1005 4701 1193 4774 praedicatur,
1208 4714 1270 4755 non
1283 4699 1322 4755 ad
1343 4699 1470 4756 alterum
1492 4701 1609 4773 prolicit
1626 4698 1740 4758 Deum:
1759 4699 1832 4774 quia

117 4776 268 4848 judoizare
291 4776 306 4830 i
330 4775 461 4832 ltubitari
485 4775 565 4831 enim
588 4773 699 4829 lecerat
721 4773 758 4828 de
783 4770 953 4852 evangelica
1005 4772 1087 4898 guod
1101 4772 1138 4827 de
1151 4772 1211 4827 Deo
1222 4775 1275 4831 est.
1292 4787 1353 4827 non
1365 4787 1397 4827 se
1417 4772 1560 4845 permittit
1586 4772 1713 4830 alterum
1736 4770 1832 4828 Duum

123 4846 284 4917 disciplina
300 4861 306 4901 :
323 4847 405 4920 qnod
431 4845 544 4903 crimen
567 4846 621 4908 est,
646 4845 800 4916 dumqure
824 4842 953 4898 edilice-
1029 4843 1075 4898 ici.
1094 4844 1157 4900 Sive
1172 4841 1251 4897 enim
1264 4841 1353 4908 Dens,
1369 4842 1430 4899 sire
1449 4844 1580 4915 quotide
1601 4844 1661 4902 Deo
1687 4849 1739 4908 est,
1754 4858 1832 4898 unus

123 4924 219 4988 verat,
234 4917 416 4973 destruebat.
441 4916 510 4973 ldeo
532 4916 751 4972 simulationem
776 4914 854 4969 huno
867 4914 954 4969 nocui
1006 4918 1053 4970 est
1077 4912 1165 4970 Deus.
1182 4913 1257 4970 Nihil
1273 4913 1353 4971 euim
1368 4914 1469 4987 utique
1489 4914 1578 4971 distat
1592 4915 1668 4973 inter
1683 4916 1787 4979 Deum,
1805 4916 1833 4969 et

123 4989 280 5071 apostolus
294 4988 412 5058 Paulus,
428 5000 519 5061 quein
541 4992 657 5043 constet
671 4987 695 5042 sl
720 4984 956 5042 circumcidisset
1006 4985 1136 5058 quotide
1154 4984 1215 5042 Deo
1227 4988 1280 5040 est.
1295 4985 1344 5041 list
1357 4985 1437 5042 enini
1452 4985 1537 5046 alter.
1556 4987 1623 5060 lpse
1644 4988 1724 5044 enim
1748 4984 1832 5049 alter,

122 5059 314 5118 Timotheum
324 5061 346 5131 ¹,
361 5064 392 5116 ut
411 5074 473 5115 non
497 5061 606 5114 iaceret
627 5072 691 5114 rem
715 5074 747 5114 se
769 5055 954 5128 superfluam
1008 5062 1129 5129 propter
1153 5070 1326 5127 personam,
1352 5072 1413 5139 qua
1432 5058 1519 5114 Filius
1542 5064 1752 5131 nuncupatur:
1768 5054 1833 5126 ipse

149 5134 249 5201 ropter
260 5130 380 5187 illorum
402 5126 579 5186 scandalum
592 5129 699 5195 lacere,
716 5133 745 5184 et
759 5126 827 5184 ideo
851 5143 881 5183 se
907 5140 953 5182 ce·
1006 5145 1078 5184 vero
1088 5129 1178 5193 idem,
1193 5134 1313 5201 propter
1327 5134 1469 5185 unitatem
1484 5130 1668 5187 substantiae.
1681 5132 1721 5186 Ne
1736 5140 1835 5250 repre·

122 5146 208 5267 gere,
246 5201 439 5285 ropterquod
455 5207 581 5258 matrem
595 5198 863 5258 haberetludieain
881 5212 955 5254 :nec
1007 5198 1154 5256 bensibtle
1187 5198 1323 5254 videatur
1350 5200 1422 5270 quia
1445 5214 1604 5270 personam
1641 5201 1713 5266 dixi,
1741 5201 1835 5254 soent

123 5275 207 5331 enlin
216 5218 313 5329 fadai
326 5278 506 5338 insisterent,
521 5272 578 5327 uisl
588 5273 708 5328 inventa
718 5269 875 5327 occasione
892 5283 956 5326 ine·
1008 5272 1088 5327 enim
1104 5271 1161 5327 lioc
1176 5270 1300 5353 qnidam
1316 5269 1462 5336 abnuere;
1479 5271 1713 5343 seditpostolum
1725 5280 1835 5341 sequa·

122 5343 315 5409 custodes,
332 5344 405 5418 quia
419 5345 476 5402 boo
504 5343 616 5400 minine
638 5348 761 5415 possent
783 5339 956 5414 improbare
1009 5358 1078 5398 mur
1098 5342 1149 5413 qul
1165 5346 1222 5396 nit:
1240 5340 1311 5396 Num
1326 5340 1394 5412 qitod
1404 5340 1515 5407 donavi,
1528 5342 1554 5397 ιι·
1567 5342 1632 5414 quid
1645 5342 1754 5407 hunni,
1768 5357 1834 5413 pro-

1009 5419 1069 5486 pter
1083 5429 1128 5468 ons
1139 5413 1169 5468 ιἰι
1178 5428 1294 5482 persono
1311 5413 1416 5469 Christi
1430 5412 1584 5485 (liconii,
1598 5416 1660 5484 ιο).

1046 5484 1127 5540 LVlll
1140 5484 1189 5555 (c).
1201 5514 1234 5524 -
1246 5483 1275 5539 Si
1288 5499 1338 5554 per
1349 5484 1500 5541 Christum
1508 5484 1600 5554 selus,
1612 5489 1719 5541 etvera
1731 5489 1760 5543 ei
1770 5499 1837 5559 per·

445 5619 451 5631 .
465 5580 576 5635 Elemsn
590 5619 596 5632 .
608 5578 707 5642 critic,
718 5594 780 5649 peg.
791 5580 847 5643 tii,
858 5577 955 5633 stibi.
1040 5581 1077 5642 (ο)
1087 5580 1243 5630 ilabetnrsu
1265 5594 1295 5631 ra
1305 5581 1375 5630 inter
1383 5581 1471 5647 primo
1479 5580 1690 5647 iutgntesp'uxta
1697 5582 1834 5650 questui.

160 5647 197 5707 (ο)
215 5645 293 5696 Deest
307 5648 335 5697 ln
351 5646 446 5696 iisdem
459 5644 522 5696 blss.
1042 5644 1077 5770 ἕο)
1093 5643 1172 5692 Deest
1185 5644 1213 5691 in
1252 5656 1287 5691 ss.
1304 5640 1382 5716 primi
1397 5644 1511 5709 generis.

157 5460 165 5492 ¹
178 5458 226 5509 lis.
243 5456 442 5516 Germencnsis,
459 5458 551 5508 timore
564 5456 723 5507 Judoeoriisi.

157 5518 264 5572 ’horel
276 5520 393 5572 affirmat
404 5517 428 5571 lc
449 5520 559 5577 endum,
590 5534 648 5569 uem
664 5518 812 5569 conciditis
828 5518 957 5569 circumsi·

127 5582 197 5634 diste
209 5582 379 5634 Timotheum.
393 5534 447 5632 tuf

160 5708 197 5776 (b)
215 5708 293 5760 Deest
306 5709 335 5759 in
350 5709 446 5760 iisdem
459 5706 520 5759 liss.
1054 5707 1074 5770 e)
1092 5700 1835 5777 Habetursupraintorprlmcvulgstesiuxtaqtioest.83.
