3952 6150
127 152 200 213 atet
887 154 1080 215 areanum.
1763 153 1837 214 2291

125 276 317 335 securitatem
338 275 408 360 fidei
423 279 553 360 nostra:
571 278 643 350 quia
657 278 768 338 falsum
780 280 875 339 rideri
891 296 953 339 nou
1007 298 1059 351 sn,
1074 285 1118 349 bt,
1130 285 1164 339 at
1179 324 1186 338 .
1199 281 1277 350 Quid
1290 280 1418 366 amplius
1432 285 1477 340 est
1488 282 1690 340 necessarium
1704 283 1744 341 ad
1755 284 1837 341 testi·

126 348 318 432 potestquod
334 348 373 404 ab
388 355 472 405 initio
488 349 684 421 praedicatum
699 358 752 409 est.
768 352 836 410 ideo
852 354 955 409 remis·
1008 355 1145 411 monium
1187 355 1246 410 Lex
1271 353 1426 426 loqurtnr;
1450 354 1610 426 Apostolus
1634 357 1743 427 probat
1756 372 1762 412 :
1777 356 1835 413 hoe

124 420 219 477 sionis
234 426 263 476 et
276 419 496 500 reformationis
517 426 631 494 tempus
646 425 676 478 iu
700 425 954 498 quinquagesimo
1007 432 1151 498 superest,
1169 432 1200 482 ut
1215 426 1416 482 contradictor
1441 425 1599 497 aineiatur
1624 432 1654 481 ut
1703 427 1832 483 erricax.

125 492 243 574 psalmo
256 491 446 572 describitur,
455 493 793 574 utneademprovidentia
804 499 956 568 quinqua·
1008 495 1194 553 Manifestum
1210 503 1252 552 est
1265 498 1346 553 enim
1359 498 1515 553 transitum
1524 501 1593 570 post
1607 442 1719 553 PascKa
1730 496 1832 555 fuisse.

124 579 229 635 gesturi
245 562 315 627 diet,
331 568 533 646 quaeetprrmr
550 570 604 629 est,
618 567 750 621 sciretur.
766 567 954 624 ilincfactnm
1008 568 1519 639 Desanguiueenimimmolatiagui
1533 570 1835 641 superposlesostiiet

124 640 208 691 estut
218 640 247 690 et
261 649 374 689 manna
384 649 482 705 primo
494 635 550 700 dre,
563 637 954 706 quiestdominicus,ecaelo
1007 654 1099 711 snper
1113 639 1204 695 limen
1216 644 1389 710 posuerunt,
1401 644 1432 694 ut
1447 640 1594 696 transiens
1610 644 1696 696 nocte
1707 639 1834 709 angelus

123 707 247 763 daretur
255 704 769 780 populetudaeornm,quoditaesse
778 711 954 780 sexdierum
1006 721 1067 767 nou
1084 716 1247 783 percuteret
1260 711 1397 777 domurn,
1414 711 1443 766 in
1459 727 1520 782 qua
1542 712 1661 780 siguum
1679 711 1835 782 sanguinis

124 778 309 834 continuatio
322 777 440 847 probat,
456 777 568 849 quibus
579 779 772 848 collegerunt,
782 786 810 836 et
825 784 954 852 septimo
1006 781 1453 854 essetsangnisigitursnlulem
1462 781 1668 854 praestitit,uon
1676 782 1832 838 transitus:

123 850 180 915 die,
195 849 224 903 id
239 858 283 904 est
299 847 426 902 sabbato
439 849 617 920 quieverunt
640 851 741 922 (fisod.
758 869 818 919 rvr,
834 856 877 917 22,
896 853 952 924 23).
1005 853 1076 925 quia
1088 855 1335 910 nitransitusnou
1348 859 1476 919 noceret,
1487 854 1598 909 obstitit
1609 853 1742 922 sanguis.

122 924 231 980 Manna
247 925 446 999 autem-typus
460 923 766 992 estescrespiritualis,
780 939 953 995 quaeresur-
1043 925 1142 980 xcvii.
1160 923 1269 992 -Qua
1284 926 1397 982 ratione
1412 924 1589 996 responderi
1602 925 1695 996 possit
1705 923 1763 981 hrii
1779 924 1834 980 im·

123 992 255 1048 rectione
273 992 389 1046 fiornrni
413 992 519 1047 veritas
547 991 624 1048 faeta
639 1002 685 1048 est
706 994 737 1049 in
762 995 952 1051 Eucharistiae
1005 995 1108 1067 pietati
1125 996 1300 1067 simpliciter
1315 1012 1351 1052 ex
1366 996 1467 1063 Legat

122 1064 278 1135 mysterio.
294 1062 402 1143 Omnia
417 1063 517 1134 itaque
533 1071 618 1133 gesta
629 1069 709 1135 suut,
727 1070 757 1120 ut
772 1065 810 1121 ad
827 1082 952 1123 causam
1041 1068 1068 1122 Si
1077 1067 1182 1122 rationi
1198 1067 1496 1132 fidescommodetnr‚
1509 1066 1575 1136 ipsa
1590 1064 1833 1123 nominumralio

124 1137 230 1205 primns
244 1134 951 1203 resurrectrouisincoluminrevertantur,etnon
1006 1137 1099 1192 Patris
1118 1142 1146 1193 et
1168 1138 1231 1193 Filii
1246 1138 1382 1194 ostendet
1401 1138 1556 1194 unitatem.
1573 1138 1601 1192 Si
1619 1136 1743 1209 quaeris,
1759 1152 1834 1207 quo·

124 1205 268 1276 glorietur
282 1210 413 1270 satanas,
429 1205 481 1260 sed
495 1205 642 1274 hebescat,
656 1208 707 1278 qui
716 1208 952 1265 hominemfalsa
1004 1208 1833 1272 modoilioneuimverusfieiFiliusdioeretur,nisiexsti·

123 1276 312 1357 spedejccit,
327 1291 364 1331 ne
375 1276 405 1332 in
420 1276 619 1333 hocmnneret
629 1279 712 1349 quod
723 1279 835 1335 facturn
847 1284 952 1405 estqer
1004 1280 1087 1335 tissel
1100 1279 1137 1334 de
1151 1280 1318 1336 substantia
1334 1281 1383 1336 fiai
1395 1280 1497 1337 Patris.
1512 1283 1569 1336 Nec
1579 1280 1658 1335 enim
1673 1283 1831 1350 pateretur,

124 1348 273 1404 Christum
290 1347 513 1420 dominamini.
529 1351 610 1404 Nunc
626 1356 759 1419 superest
787 1357 818 1406 ut
845 1366 899 1421 pro
923 1367 953 1406 e·
1003 1350 1112 1406 veritas
1127 1356 1155 1406 et
1165 1351 1336 1422 justitiailei
1350 1350 1559 1407 verumdicere
1573 1350 1832 1422 riliumsideipso

123 1435 205 1483 mus,
221 1418 245 1472 si
261 1418 301 1474 ita
316 1418 507 1489 intelligenda
518 1420 848 1491 suntquaediximus,ut
859 1437 951 1492 supra
1004 1437 1062 1477 non
1076 1427 1164 1477 esset·
1178 1424 1241 1478 Nou
1255 1427 1298 1477 est
1312 1423 1392 1478 euim
1407 1437 1493 1478 verris
1507 1421 1557 1477 Dei
1567 1421 1664 1487 Filius,
1680 1422 1706 1477 si
1720 1421 1832 1492 deipeo

124 1490 374 1546 memoravimus.
391 1490 497 1545 Mensis
512 1491 627 1561 primus
641 1507 701 1564 qno
717 1491 829 1548 Pascha
844 1500 952 1563 quarta
1004 1507 1065 1548 non
1078 1498 1132 1550 est.
1143 1492 1198 1548 Sed
1213 1493 1451 1566 Scripturadicit,
1465 1494 1622 1548 Vernsest:
1633 1506 1704 1562 ergo
1715 1491 1752 1548 de
1764 1493 1832 1564 ipso

122 1562 243 1616 decima
259 1562 305 1616 die
320 1560 504 1617 celebratum
519 1570 564 1618 cst
593 1564 622 1617 in
648 1566 782 1635 AEgypto,
807 1564 871 1618 haec
886 1563 951 1619 dies
1004 1569 1056 1618 est.
1070 1565 1123 1628 Oui
1137 1564 1215 1619 anim
1230 1564 1362 1634 nagatde
1375 1565 1433 1620 Deo
1447 1570 1551 1619 natum
1564 1562 1830 1633 Christum,Scrip·

146 1638 230 1689 uaria
243 1632 316 1688 feria
327 1632 390 1688 fuit.
405 1632 486 1689 Unde
501 1638 529 1688 et
541 1634 711 1704 berquaria
725 1634 878 1690 feriadata
894 1639 950 1690 est.
1004 1640 1077 1690 turm
1088 1634 1270 1691 calumniam
1287 1636 1367 1701 facit,
1380 1651 1449 1708 quae
1463 1636 1531 1690 ideo
1546 1634 1629 1690 illum
1645 1634 1715 1690 dicit
1726 1649 1830 1689 verum

121 1648 210 1773 guod
224 1702 294 1759 hinc
308 1704 396 1760 datur
411 1703 544 1774 intelligi.
559 1706 631 1777 quia
648 1707 752 1776 quinto
767 1706 887 1761 decimo
902 1706 950 1762 die
1004 1705 1055 1761 Dei
1073 1705 1187 1769 lilium,
1206 1712 1237 1762 ut
1252 1707 1400 1776 significet
1423 1706 1459 1762 de
1483 1706 1542 1761 fleo
1561 1706 1643 1761 hunc
1669 1709 1783 1761 natum.
1802 1705 1830 1760 Si

122 1776 235 1831 mensis
246 1775 369 1830 secundi
383 1775 574 1847 profectionis
588 1776 719 1832 filiorum
736 1776 826 1833 lsrael
842 1777 951 1834 sabba·
1004 1778 1083 1833 enim
1102 1792 1162 1833 non
1185 1782 1228 1832 est
1242 1777 1279 1833 de
1306 1779 1376 1842 Deo,
1402 1784 1429 1831 et
1443 1792 1532 1832 verus
1547 1777 1625 1832 lilius
1641 1776 1691 1832 [lei
1711 1776 1830 1845 dieitur,

120 1853 185 1902 turn
200 1846 315 1902 videtur
331 1846 443 1902 fuisse:
467 1847 577 1903 idcirco
594 1863 652 1903 non
676 1848 705 1902 in
735 1848 783 1903 die
809 1863 878 1914 gres
892 1849 950 1904 illis
1003 1847 1148 1905 fallaxast
1165 1848 1326 1920 Scriptura.
1344 1848 1430 1915 Quod
1446 1848 1469 1903 si
1483 1848 1633 1919 Scriptura
1649 1862 1709 1902 nou
1734 1846 1829 1915 fallit;

121 1919 236 1973 missus
247 1919 499 1981 estcoturnicum,
517 1919 568 1973 sed
591 1933 724 1989 vespere.
750 1922 832 1976 illane
849 1925 949 1976 antem
1003 1919 1055 1991 qui
1071 1920 1288 1976 Christumnon
1304 1918 1564 1976 fateturexstitisse
1572 1919 1609 1974 de
1621 1917 1832 1987 fleo‚etScrip·

122 2005 237 2044 manna
250 1988 323 2060 pluit
338 1988 375 2044 dc
389 1989 465 2045 coelo
481 1989 576 2057 (duod.
592 2006 652 2055 xvi,
671 1994 713 2054 13,
731 1991 786 2063 lt),
802 1991 888 2046 idest
903 1992 950 2047 die
1004 1997 1101 2046 turam
1111 1996 1248 2057 evacuat,
1256 1991 1646 2060 etChristumnegatverum
1655 1988 1829 2045 filiumdei.

121 2060 286 2125 dominico,
300 2060 351 2132 qui
360 2062 474 2130 primus
487 2067 553 2132 post
565 2061 789 2118 hebdomadam
798 2063 827 2117 in
843 2064 951 2133 repeti·
1002 2062 1153 2118 Nonenim
1164 2062 1409 2118 voluntasverum
1419 2061 1522 2117 filiurn
1532 2061 1610 2126 facil,
1620 2061 1671 2116 sed
1681 2060 1828 2116 nativitas.

121 2132 204 2187 tione
230 2132 387 2186 iuvenitur.
422 2134 553 2203 lienique
590 2148 640 2187 sex
667 2133 773 2188 diebus
802 2134 950 2189 continuis
1004 2133 1061 2189 Sed
1074 2134 1224 2204 potentis,
1242 2134 1390 2207 inquiunt,
1418 2134 1467 2188 liei
1488 2131 1546 2189 hoc
1570 2133 1685 2196 subest,
1706 2137 1738 2187 ut
1751 2130 1830 2187 falsa

125 2217 240 2258 manna
250 2202 442 2273 collegerunt,
457 2204 755 2274 septimoautemdie,
768 2204 952 2276 quiestsab-
1002 2204 1091 2260 faciat
1104 2220 1184 2259 vera.
1194 2205 1257 2260 lmo
1268 2205 1401 2277 potentia
1412 2204 1460 2260 lici
1473 2204 1537 2260 hoec
1547 2208 1600 2270 est,
1614 2202 1693 2258 nuda
1709 2206 1736 2258 et
1746 2201 1830 2257 omni

121 2272 236 2337 batum,
247 2275 433 2346 quieverunt.
445 2275 489 2329 hb
503 2274 557 2329 hoc
567 2290 638 2345 ergo
651 2275 699 2331 die
713 2276 858 2347 usquead
874 2276 950 2332 tertii

120 2346 234 2400 mensis
248 2346 327 2401 diem
339 2345 456 2401 tertium
468 2346 594 2418 quoLex
607 2346 676 2402 data
686 2350 741 2411 est,
750 2362 863 2418 qnare,
874 2349 951 2403 etin·

120 2416 369 2488 sentesqnartam
384 2416 488 2472 feriam
503 2416 595 2472 fuisse
606 2419 730 2489 quando
745 2421 800 2473 Lex
811 2418 882 2474 data
894 2422 948 2475 est.

120 2486 201 2543 Sunt
227 2489 339 2543 enimn
360 2488 599 2560 quintodecimo
618 2489 666 2544 die
682 2489 794 2545 mensis
814 2489 947 2556 secundi,

122 2558 248 2640 quando
264 2559 424 2615 sabbatum
440 2560 503 2624 fuit,
521 2576 616 2631 nsque
629 2561 667 2616 ad
679 2560 754 2615 tertii
769 2560 882 2616 mensis
895 2566 950 2616 ter-

121 2635 198 2686 tium
210 2629 290 2685 diem
304 2645 366 2702 qno
381 2633 435 2686 Lex
449 2632 520 2686 data
533 2638 587 2697 est,
600 2631 772 2687 diesdccem
785 2637 812 2686 et
828 2646 947 2686 novem.

122 2700 202 2756 Tene
213 2716 283 2771 ergo
297 2700 352 2756 hos
362 2702 465 2757 decem
477 2708 505 2757 et
520 2718 638 2767 novem,
650 2708 679 2758 et
688 2703 750 2758 redi
764 2718 853 2773 super
863 2704 950 2774 quin·

121 2777 187 2828 tum
200 2772 349 2828 decimum
359 2772 569 2829 diemsecundi
581 2775 701 2837 mensis,
715 2789 776 2845 quo
785 2774 948 2829 sabbatum

123 2843 188 2907 fuit,
201 2845 254 2925 qui
270 2859 288 2898 a
308 2844 404 2915 primo
419 2849 610 2926 computatur
621 2844 886 2916 quartusdecimus
902 2850 949 2912 ;et
999 2845 1138 2916 pepercit¹

120 2929 244 2985 pervent
266 2930 361 2986 usque
377 2914 415 2970 ad
431 2915 510 2970 diem
526 2931 658 2987 primum
674 2916 796 2972 secundi
825 2917 947 2984 mensis,

120 2990 151 3041 et
165 2984 288 3042 habebis
302 2986 376 3041 alios
401 2986 630 3058 quatuordecim
648 3008 654 3052 ι
670 3002 744 3058 quos
765 2987 948 3058 superjuncta

122 3056 281 3113 addacem
298 3065 326 3113 et
337 3072 444 3114 novem
460 3074 552 3128 supra
567 3064 761 3123 memoratos,
777 3065 804 3114 et
815 3058 948 3113 invenies

120 3127 254 3201 primurn
271 3129 349 3183 diem
380 3130 493 3184 mensis
522 3130 644 3184 secundi
670 3128 826 3185 sabbatum
843 3128 947 3185 fuisse.

120 3198 296 3269 Superadde
310 3200 408 3256 adbuc
423 3200 461 3256 ad
477 3205 567 3271 caput
578 3201 665 3272 primi
681 3199 791 3255 mensis
803 3202 868 3255 dics
884 3216 948 3271 sep·

122 3275 181 3325 tarn
195 3270 346 3326 etdecem.
358 3272 430 3343 quia
444 3271 532 3342 primi
550 3272 660 3327 mansis
674 3270 814 3326 tredecim
830 3271 894 3326 dies
905 3287 949 3326 re·

120 3341 259 3397 trahendi
275 3347 353 3405 sunt,
382 3344 517 3414 quiante
543 3342 655 3398 Pascha
683 3342 822 3398 fuerunt:
840 3348 948 3414 quarta

119 3413 239 3468 decima
256 3415 336 3469 enim
347 3413 394 3468 die
411 3413 486 3468 firmi
504 3413 615 3468 mensis
631 3413 745 3468 Pascha
766 3413 946 3470 factumest.

120 3483 346 3556 Retractisergo
362 3483 514 3550 tredecim,
537 3488 565 3539 et
583 3484 693 3540 additis
712 3493 827 3554 septem
852 3490 881 3541 et
895 3485 948 3541 de·

120 3571 198 3623 cem,
213 3556 345 3610 invenies
368 3560 477 3627 quarta
492 3555 610 3610 decima
625 3556 736 3611 mensis
758 3557 845 3626 prirni
860 3571 949 3628 quar·

122 3632 184 3682 tam
200 3625 303 3682 feriam
317 3627 416 3683 fuisse.
430 3627 459 3682 dt
472 3625 633 3697 delegandi
648 3626 798 3683 fastidium
812 3627 947 3697 patiaris,

120 3702 174 3754 ant
188 3699 362 3769 quaestionis
378 3697 495 3768 singula
511 3698 648 3753 membra
659 3698 774 3753 curiose
791 3700 947 3768 inspicere,

120 3768 163 3823 do
187 3769 412 3841 compendium,
428 3775 458 3825 nt
472 3776 499 3824 et
512 3768 549 3823 de
570 3785 695 3825 numero
711 3769 827 3824 dierum
840 3775 914 3841 quot
931 3784 949 3824 a

122 3838 235 3895 Pascha
251 3856 346 3911 usque
364 3841 401 3895 ad
416 3841 520 3896 datam
537 3841 644 3909 Legem
679 3845 759 3906 sunt,
785 3841 947 3905 centussis,

120 3918 150 3967 ct
167 3911 286 3981 abipso
302 3912 417 3967 facilius
442 3911 551 3977 discas,
576 3916 669 3982 quota
682 3910 753 3966 feria
778 3910 950 3966 factumest

119 3981 245 4038 Pascha.
269 3983 364 4038 Tertio
386 3982 433 4037 die
457 3987 526 4053 post
549 3981 715 4038 secuudum
731 3997 866 4037 mensem
893 3983 949 4036 Les

120 4055 196 4109 data
210 4058 263 4108 est.
290 4055 363 4108 Sunt
376 4069 445 4122 ergo
462 4068 581 4109 menses
599 4054 660 4108 diro
684 4060 712 4108 et
730 4054 796 4108 dies
818 4059 885 4108 tres.
900 4055 951 4109 fle·

123 4123 291 4194 traheergo
311 4124 348 4181 de
372 4125 418 4180 his
439 4125 580 4180 tredecim
597 4124 660 4178 dies
676 4124 727 4195 qni
754 4131 823 4180 ante
839 4124 952 4180 Pascha

121 4198 252 4258 fuerunt.
274 4204 302 4251 et
316 4196 419 4268 reliqui
432 4201 519 4251 errant
536 4196 601 4250 dies
618 4195 848 4266 quinquaginta.
875 4197 952 4260 Ouo-

124 4269 208 4323 niam
232 4273 333 4323 autem
347 4274 455 4338 quarta
470 4268 542 4323 faria
557 4267 629 4323 data
643 4273 687 4322 est
702 4266 771 4332 Lex,
783 4268 853 4322 hinc
868 4266 952 4321 facile

124 4338 253 4393 videtur.
270 4342 376 4395 Manna
388 4340 486 4411 prima
503 4338 574 4393 feria
586 4338 690 4393 datum
705 4344 760 4403 est,
773 4337 844 4408 qnia
859 4337 952 4393 conti-

124 4408 195 4465 nuis
219 4425 271 4464 sex
298 4411 404 4465 diebus
442 4409 635 4479 collegerunt,
658 4424 726 4482 qum
758 4409 855 4479 prima
880 4408 953 4463 feria

125 4487 212 4535 sexto
234 4481 351 4536 decimo
372 4481 419 4536 die
445 4481 499 4538 fnit
529 4482 641 4536 mensis
664 4480 798 4536 secundi.
825 4479 870 4534 Ab
897 4479 953 4534 hac

125 4552 228 4623 itaque
246 4553 343 4623 prima
371 4552 443 4607 feria
468 4567 561 4624 usqne
583 4552 622 4606 ad
649 4557 787 4607 octavum
802 4551 953 4606 decimum

127 4624 218 4686 diem,
234 4639 294 4694 quo
306 4624 363 4679 Lex
374 4624 444 4679 «lata
457 4630 511 4689 est,
526 4631 662 4694 quartam
684 4623 786 4678 feriam
809 4621 953 4677 invenies.

128 4693 240 4751 hieria
270 4710 339 4750 vero
364 4701 481 4765 diserta,
507 4695 569 4750 sive
595 4702 663 4750 ante
687 4697 748 4750 sive
770 4699 847 4749 retro
871 4709 955 4750 corn-

127 4770 216 4830 putcs
230 4765 258 4820 in
274 4766 561 4837 quinquagesimum
576 4765 664 4828 diem,
679 4771 785 4837 quarta
801 4765 874 4823 feria
888 4770 933 4818 est
948 4783 953 4820 :

127 4836 242 4892 idcirco
256 4838 329 4907 quia
343 4842 451 4908 quarta
467 4835 540 4892 feria
559 4837 672 4892 Pascha
684 4846 808 4906 egernnt
826 4837 855 4892 in
871 4838 956 4907 AEgy-

125 4912 179 4980 pto
195 4907 301 4973 iudaei,
328 4915 356 4962 et
385 4913 493 4987 quarta
522 4908 594 4963 feria
621 4909 726 4973 Legem
752 4913 953 4979 acceperunt:

126 4978 340 5050 quintaauteru
354 4979 426 5033 feria
440 4978 561 5046 profecti
578 4986 646 5034 sunt
661 4980 698 5035 de
713 4979 850 5051 AEgypto.
866 4978 957 5047 igitur

127 5049 278 5106 dedicatio
288 5050 370 5113 Lenis
379 5056 422 5104 est
434 5052 616 5105 Pentecoste.

166 5121 254 5177 XCVl.
278 5150 312 5163 -
324 5120 524 5189 Quaerendum
552 5122 575 5175 si
591 5119 704 5177 Pascha
718 5120 860 5177 transitus
871 5120 958 5175 inler-

128 5196 271 5263 pretetur,
287 5194 363 5248 sicut
383 5191 490 5247 Grecis
507 5192 634 5248 videtur.

167 5263 328 5333 Apostolus
345 5263 403 5320 falli
413 5280 472 5318 nnn
482 5263 647 5334 potnit‚qni
659 5262 709 5326 ait,
723 5263 827 5318 Pascha
839 5269 958 5318 nostrum

1002 2274 1091 2332 laude
1101 2275 1269 2345 dignusest,
1282 2276 1354 2348 quia
1363 2291 1468 2331 verum
1477 2275 1558 2347 aqud
1568 2274 1652 2330 illum
1663 2278 1829 2341 verumest,

1003 2354 1030 2401 et
1043 2344 1150 2402 falsum
1162 2346 1270 2402 falsum
1287 2351 1339 2403 est.
1361 2349 1435 2402 Nam
1450 2346 1529 2402 istud
1545 2344 1702 2403 mendacis
1721 2350 1776 2408 est,
1799 2346 1831 2400 ut

1003 2416 1114 2474 falsum
1127 2417 1206 2473 dicat
1217 2434 1320 2474 verum
1334 2436 1340 2484 ;
1375 2417 1436 2474 uod
1450 2419 1508 2473 [leo
1518 2432 1580 2473 non
1594 2417 1744 2487 competit.
1755 2418 1830 2471 Nam

1002 2489 1105 2545 omnia
1116 2490 1240 2561 quidem
1252 2433 1444 2560 potestssnus,
1460 2488 1512 2543 sed
1526 2503 1586 2544 uon
1600 2487 1668 2544 facit
1683 2484 1831 2559 nisiquod

1002 2560 1280 2616 conveniatveritati
1291 2561 1316 2630 ej
1322 2576 1356 2614 ns
1364 2574 1400 2615 nc
1410 2560 1731 2631 justitia-Manifestum
1743 2558 1831 2628 igitur

1002 2637 1045 2687 est
1059 2631 1171 2686 idcirco
1184 2647 1288 2687 verum
1302 2631 1361 2687 dici
1375 2630 1480 2686 Filium
1490 2631 1539 2687 Dei
1552 2631 1711 2694 Christum,
1721 2635 1751 2685 nt
1763 2643 1830 2700 pro-

1024 2703 1094 2767 rius,
1109 2702 1139 2757 id
1152 2705 1207 2767 est,
1223 2701 1261 2758 de
1276 2702 1444 2758 substantia
1457 2702 1483 2772 ej
1490 2719 1522 2758 ns
1535 2706 1622 2757 natus
1636 2699 1825 2770 intelligatur.

1001 2718 1086 2829 ssnde
1099 2772 1193 2845 inquil
1205 2773 1364 2846 Apostolus
1381 2773 1457 2839 :Qui
1467 2774 1584 2845 proprio
1607 2772 1683 2829 Filio
1707 2787 1755 2827 sito
1775 2787 1829 2826 noa

1148 2844 1237 2969 giers.
1252 2860 1311 2910 vrri,
1325 2848 1386 2913 32);
1398 2844 1463 2900 etin
1475 2845 1532 2900 alia
1541 2844 1668 2914 Epistola
1680 2860 1686 2898 :
1700 2844 1757 2911 Qni
1767 2857 1827 2898 cam

1002 2916 1032 2970 in
1045 2916 1138 2986 formo
1176 2916 1202 2969 ei
1210 2922 1285 2981 esset,
1300 2931 1352 2970 non
1375 2916 1504 2987 rapinam
1517 2915 1671 2971 arbitratus
1685 2922 1724 2969 est
1738 2929 1790 2969 etse
1802 2928 1829 2967 te

1000 3003 1093 3057 parem
1106 2987 1161 3040 Deo
1175 2986 1310 3057 (l’ltilipp.
1327 3002 1356 3050 ιι,
1370 2987 1408 3058 b).
1426 2988 1456 3042 Si
1470 3002 1543 3056 ergo
1558 3001 1619 3042 non
1635 2985 1771 3058 rapinam
1784 2998 1829 3040 ar-

1001 3057 1128 3113 bitratus
1139 3061 1193 3125 est,
1205 3057 1308 3113 dicens
1322 3072 1462 3128 separem
1479 3061 1547 3122 lieo,
1559 3073 1662 3113 rerum
1677 3072 1709 3112 se
1723 3054 1829 3113 filium

1002 3128 1050 3184 Dei
1066 3128 1292 3184 demonstrarit.
1311 3131 1369 3183 fiee
1384 3130 1463 3183 enim
1476 3144 1532 3200 par
1545 3143 1684 3185 essenon
1698 3132 1824 3199 poterat,

1001 3200 1058 3255 uisi
1071 3199 1192 3254 essetde
1207 3200 1285 3270 ipso.
1301 3199 1659 3272 Paresenimhisunt,qui
1671 3203 1723 3255 aut
1734 3197 1826 3255 ambo

1001 3270 1062 3326 veri
1078 3276 1156 3335 sunt,
1172 3276 1223 3326 aut
1238 3269 1330 3325 ambo
1343 3269 1485 3326 falsifico
1499 3270 1579 3324 enim
1593 3269 1769 3339 parilitatem
1780 3283 1827 3324 re·

1002 3341 1405 3413 cipitcoeptumetsateruum,
1414 3341 1624 3396 autunitatem.
1638 3342 1735 3396 Unum
1746 3339 1827 3394 euim

1002 3429 1033 3469 se
1048 3428 1114 3468 esse
1127 3412 1395 3468 dicendoChristus
1409 3427 1478 3468 oum
1494 3412 1588 3478 Patre,
1602 3426 1705 3483 parem
1721 3426 1752 3465 sc
1769 3411 1828 3465 fleo

1003 3483 1082 3540 facit.
1098 3483 1160 3540 Non
1173 3485 1261 3539 sotum
1274 3484 1354 3550 enim,
1370 3484 1475 3554 inquit,
1488 3482 1604 3539 solvebat
1621 3481 1769 3545 scitatum,
1783 3477 1829 3535 red

1003 3563 1026 3610 ct
1040 3562 1236 3625 patremmeum
1250 3554 1353 3611 dicebat
1366 3557 1460 3618 Deum,
1476 3555 1605 3627 aequalem
1620 3553 1761 3621 refaciens
1773 3551 1829 3607 Deo

1003 3626 1093 3697 (toan.
1104 3642 1132 3691 v,
1149 3626 1328 3697 l8),hocest,
1344 3642 1457 3697 parem.
1473 3624 1829 3682 Nonnemanifestumest

1002 3696 1202 3770 equalitatem
1217 3696 1296 3752 hauc
1319 3697 1356 3753 de
1379 3698 1558 3768 proprietate
1582 3695 1743 3751 nativitatis
1765 3693 1830 3749 des-

1002 3765 1156 3824 cendere?
1172 3768 1325 3840 Proprium
1343 3769 1422 3823 enim
1437 3782 1478 3833 sc,
1500 3767 1530 3823 id
1550 3771 1593 3823 est
1609 3781 1712 3822 verum
1728 3765 1830 3821 diceus

1004 3839 1053 3894 Dei
1069 3838 1183 3903 Filium,
1199 3839 1348 3910 aequalem
1359 3856 1389 3894 se
1403 3838 1531 3894 faciebat
1541 3838 1684 3894 Deoiiiuc
1694 3842 1741 3893 cst
1751 3835 1830 3892 unde

1003 3910 1084 3975 dicit,
1099 3910 1152 3975 Qui
1166 3909 1238 3964 sidet
1253 3927 1301 3973 me,
1316 3910 1389 3965 sidet
1399 3917 1424 3966 et
1435 3911 1635 3966 Patremmertm
1649 3907 1703 3980 (td.
1721 3923 1779 3974 sir,
1790 3907 1829 3975 lit.

1005 3985 1057 4037 Per
1072 3981 1320 4055 illudenimqnod
1335 3981 1570 4037 consubstantiat
1582 3987 1662 4045 sunt,
1675 3980 1829 4052 quiunum

1005 4052 1095 4117 ridet,
1115 4052 1222 4108 ambos
1242 4052 1330 4108 videt.
1345 4054 1510 4110 sicutenim
1524 4053 1600 4108 hehet
1610 4055 1695 4108 Peter
1706 4053 1791 4107 eitam
1801 4050 1832 4105 itt

1004 4125 1152 4194 semetipso,
1168 4125 1206 4179 sie
1220 4123 1293 4179 dedit
1302 4131 1326 4178 et
1341 4126 1418 4182 Filio
1432 4124 1527 4180 babere
1538 4127 1622 4181 sitam
1639 4125 1670 4178 in
1684 4124 1830 4203 semetipso,

1005 4193 1059 4263 (fd.
1074 4211 1100 4260 v,
1117 4198 1175 4261 ·26);
1197 4196 1254 4251 hoo
1276 4201 1330 4260 est,
1346 4197 1493 4268 aequalem
1518 4197 1574 4251 sibi
1603 4195 1704 4277 gennit
1725 4192 1832 4248 Filium

1006 4269 1089 4321 Pater
1105 4267 1260 4327 ;etomnia
1271 4282 1339 4339 quae
1350 4268 1444 4323 Patris
1458 4271 1538 4331 sunt,
1554 4266 1614 4321 Filii
1628 4270 1698 4320 sunt
1707 4279 1714 4329 ;
1731 4269 1831 4333 atquae

1006 4342 1076 4392 snut
1092 4337 1163 4401 filii,
1179 4339 1270 4393 Patris
1282 4343 1352 4393 sunt
1366 4338 1420 4403 (td.
1437 4354 1507 4402 xvir,
1521 4338 1567 4404 to)
1582 4341 1629 4391 :et
1639 4337 1833 4406 neruopotest

1005 4408 1176 4478 quidquam
1191 4423 1295 4477 rapere
1306 4408 1344 4463 de
1358 4424 1449 4464 manu
1461 4408 1565 4471 Patris,
1578 4421 1676 4479 neque
1686 4405 1724 4460 de
1739 4419 1832 4461 mann

1008 4479 1069 4536 Filii
1085 4478 1140 4549 (fd.
1149 4495 1177 4544 s,
1190 4480 1247 4545 29).
1260 4478 1433 4547 Etsubjecit,
1448 4481 1500 4560 dqo
1510 4486 1535 4535 et
1545 4481 1630 4534 Pater·
1640 4493 1729 4533 unam
1738 4490 1833 4532 sumas

1007 4549 1144 4620 (timae)
1155 4565 1162 4614 ;
1174 4556 1211 4614 et,
1226 4549 1387 4620 Ver-icquar.
1397 4550 1501 4622 inant.
1513 4547 1720 4620 laqueamina
1731 4548 1834 4617 meipso

1007 4638 1063 4677 nort
1073 4621 1165 4691 loquor
1180 4637 1188 4674 :
1202 4622 1283 4676 Pater
1297 4629 1384 4676 antem
1401 4637 1509 4677 manem
1523 4621 1552 4676 in
1567 4637 1617 4686 me,
1627 4621 1682 4690 ipsc
1694 4619 1832 4691 fomitem

1008 4699 1033 4748 et
1044 4708 1195 4761 eperoqttae
1207 4692 1289 4762 focio,
1307 4695 1362 4761 ipse
1383 4692 1460 4762 facit.
1479 4692 1588 4748 Credite
1608 4691 1690 4757 hailei,
1707 4690 1776 4763 quod
1788 4705 1835 4760 eqo

1009 4764 1039 4819 in
1054 4762 1148 4825 Putre,
1164 4767 1190 4816 et
1203 4764 1287 4819 Pater
1301 4765 1330 4818 in
1340 4770 1440 4833 mecet;
1456 4763 1744 4836 alioquinoelprcpter
1753 4777 1835 4833 opero

1010 4836 1070 4905 ipse
1084 4833 1188 4889 credite
1203 4834 1256 4895 lfd.
1269 4850 1327 4901 xiv,
1340 4837 1447 4905 10-12).
1465 4837 1539 4902 Quia
1553 4834 1633 4891 enim
1654 4834 1836 4905 generatioa

1011 4906 1171 4976 semetipso
1184 4921 1244 4962 non
1272 4912 1325 4972 est,
1346 4907 1400 4963 sed
1417 4908 1455 4963 ab
1481 4922 1516 4962 eo
1529 4907 1580 4979 qui
1594 4905 1709 4978 genuit,
1724 4904 1836 4960 idcirco

1010 4975 1159 5048 quidquid
1184 4976 1263 5041 facit,
1288 4977 1399 5035 factum
1426 4978 1496 5034 dicit
1516 4978 1631 5034 Patris:
1659 4983 1691 5033 nt
1705 4974 1837 5048 peritate

1011 5049 1114 5105 omnia
1127 5048 1200 5104 illud
1215 5049 1359 5114 firmatur,
1373 5050 1518 5124 quiaideo
1528 5066 1614 5106 verris
1627 5049 1734 5104 dicitur
1746 5045 1836 5101 Filius

1012 5120 1061 5175 Dei
1086 5119 1230 5184 Christus,
1257 5128 1287 5176 ut
1302 5121 1339 5177 de
1353 5121 1419 5194 ipso
1433 5126 1523 5178 natus
1541 5120 1680 5177 credatur
1694 5120 1742 5189 (o),
1758 5131 1795 5172 ne
1810 5119 1838 5171 et

1012 5191 1249 5261 substantiaejus
1260 5189 1838 5250 extranniusfleinaturamexistimare·

1013 5270 1068 5318 tur.
1083 5261 1234 5317 liumilitas
1248 5278 1318 5330 ergo
1331 5264 1395 5335 eins
1408 5262 1684 5319 maximaexaltatio
1699 5264 1752 5316 est·
1762 5261 1837 5316 Cum

129 5333 285 5389 immolatus
299 5341 337 5389 est
352 5334 477 5391 Christus
490 5337 511 5397 ll
526 5334 587 5391 Gor.
605 5351 634 5403 v,
649 5340 687 5393 ii.
704 5333 786 5399 Quod
797 5350 856 5389 non
870 5348 959 5388 sirum
1013 5333 1094 5389 enim
1111 5332 1226 5387 videtur
1246 5350 1277 5388 se
1290 5334 1436 5403 subjicere
1449 5334 1562 5402 dicens,
1580 5333 1733 5404 Verbaque
1744 5330 1839 5401 loquor

129 5407 244 5476 ntique.
258 5406 309 5460 sed
326 5407 409 5477 Legis
421 5411 466 5461 est
479 5406 736 5468 verbnm,dicente
750 5408 854 5476 Moyse,
865 5404 960 5460 Eteri!
1013 5404 1096 5469 vebis,
1108 5421 1125 5459 a
1139 5405 1236 5474 meipso
1250 5420 1303 5459 non
1317 5405 1432 5475 loquer:
1445 5405 1528 5460 Pater
1541 5405 1614 5461 enim
1628 5419 1738 5459 monem
1750 5404 1836 5465 inme,

129 5493 190 5531 crem
215 5477 304 5532 dicent
316 5477 389 5531 cobis
402 5477 458 5546 filii
475 5479 567 5538 vestri.
586 5480 649 5543 (triae
666 5483 704 5531 est
718 5476 863 5532 deservitio
878 5476 960 5531 teet
1015 5478 1072 5548 ipse
1087 5475 1209 5547 loquitur
1224 5492 1232 5541 ;
1248 5481 1272 5530 et
1284 5491 1365 5548 opero
1377 5493 1437 5548 quas
1447 5492 1492 5547 eqo
1506 5477 1592 5546 socio,
1605 5477 1659 5547 ipse
1667 5475 1737 5547 facit
1749 5491 1758 5529 .·
1771 5487 1839 5547 pro-

130 5549 167 5604 m
179 5548 285 5615 dicetis,
304 5549 457 5605 immolatio
474 5549 529 5603 bac
545 5549 648 5604 Pescia
662 5548 776 5603 Domini
797 5552 837 5604 cst
859 5547 958 5611 (fiand.

162 5696 350 5763 (siheliquuur
368 5698 443 5749 deest
453 5698 480 5747 in
500 5697 563 5747 tiss.
577 5695 688 5748 secundi
706 5696 820 5760 generis.

1045 5572 1093 5621 ¹111
1105 5572 1170 5625 fdss.
1188 5572 1298 5623 secundi
1317 5573 1423 5637 generis
1448 5574 1658 5635 interponuntur
1672 5572 1793 5624 hocloco
1807 5584 1841 5624 ea

1016 5648 1076 5699 qum
1093 5633 1175 5684 ltatrcs
1190 5638 1251 5699 post
1264 5635 1344 5685 istam
1379 5636 1544 5688 amadouem.

1049 5699 1083 5760 (a)
1099 5696 1211 5763 fletique
1221 5696 1319 5749 desunt
1332 5697 1360 5750 iu
1402 5712 1437 5749 ss.
1452 5698 1563 5751 secundi
1574 5707 1692 5765 genens.
