3952 6150
64 230 147 294 1919

63 370 157 432 retur,
174 364 337 424 orviserunr
352 364 525 423 vestimenta
546 364 621 437 ejus,
638 367 789 424 mittentes
811 369 919 424 sortem

61 471 154 528 super
168 457 221 525 eis,
239 458 304 531 quis
319 457 445 513 tunicam
462 473 525 529 que
541 457 675 531 pertibus
691 456 852 531 equalibus
867 474 920 515 su·

62 546 220 617 perlucrut,
237 546 361 604 tolleret.

98 638 124 696 1.
138 640 253 707 (tuerat
264 639 336 695 torte
348 637 468 713 eliquia,
484 639 552 712 quid
569 640 714 713 significet
725 642 754 699 in
765 645 807 698 tot
822 643 919 713 partes

60 729 304 786 vestimentorum
321 730 395 786 lacte
407 728 522 798 divisio,
535 735 562 785 et
573 733 606 786 de
619 731 717 786 tunice
732 729 781 786 ille
795 731 918 786 sortitio.

60 818 283 891 Quadripertita
299 818 389 875 vestis
403 817 518 875 Domini
533 820 601 876 lesu
616 819 736 888 Christi,
747 819 920 892 quadripar-

60 909 146 967 titam
164 910 300 983 tiguravit
314 910 378 979 ejus
394 908 564 977 llcclesiam,
577 914 636 966 toto
652 909 773 977 scilicet,
784 910 834 981 qui
850 925 920 981 qna-

61 1003 131 1057 tuor
157 999 289 1071 partibus
313 1003 440 1069 constet,
466 1008 607 1056 terrarum
632 999 700 1057 orbe
724 999 873 1066 diliusam,
889 1003 919 1056 ot

60 1090 201 1147 omuibus
211 1090 323 1147 eisdem
335 1089 468 1161 partibus
479 1089 640 1162 cqooliter,
648 1090 675 1145 id
685 1094 730 1146 est
740 1089 920 1147 concorditer

59 1179 261 1237 distributam.
271 1178 478 1251 Propterquod
495 1179 562 1236 alibi
574 1180 644 1237 dicit
654 1180 918 1236 missurumsellu-

59 1271 145 1342 gelos
160 1287 239 1343 suos,
255 1274 287 1327 ut
301 1271 440 1343 eolligunt
454 1270 562 1328 electos
575 1272 639 1343 ejus
654 1288 672 1328 e
686 1276 812 1346 quatuor
824 1269 918 1328 ventis

59 1361 173 1431 (ltouh.
190 1377 264 1428 xxiv,
280 1360 326 1434 31)
342 1376 349 1416 :
366 1361 443 1433 quod
461 1361 601 1434 quidest,
619 1361 672 1418 nisi
689 1379 705 1418 a
720 1367 845 1436 quatuor
857 1377 920 1434 par·

60 1451 143 1507 tibus
164 1450 277 1520 mundi,
299 1451 425 1521 Oriente,
450 1451 615 1521 Occidente,
635 1453 778 1524 Aquilone
801 1457 830 1508 et
858 1456 918 1508 lle-

61 1538 529 1611 ridiell'uniceveroillasortito,
541 1542 671 1598 omnium
687 1542 812 1613 partium
828 1539 920 1614 signi·

61 1631 132 1688 ilcat
146 1631 300 1698 unitatem,
315 1647 379 1702 quae
390 1630 539 1687 charitatis
553 1632 670 1689 viuculo
685 1632 862 1689 continetur.
879 1632 919 1689 lle

60 1722 205 1778 charitate
221 1725 319 1777 eutem
346 1719 497 1777 locuturus
521 1723 690 1792 Apostolus,
707 1722 918 1794 Supercmirrerr·

59 1816 124 1874 tem,
141 1809 249 1883 inquit,
265 1811 337 1867 ciem
352 1813 425 1867 uobis
445 1810 599 1869 demonstro
613 1811 637 1883 (l
659 1813 722 1869 Cor.
738 1829 787 1884 rur,
803 1812 848 1884 31)
866 1826 874 1867 :
890 1814 918 1868 et

61 1901 120 1959 alio
130 1902 194 1959 loeo
205 1901 256 1970 ait,
267 1901 432 1971 Cognoscere
441 1902 525 1959 etium
536 1904 784 1975 supereminentem
794 1903 919 1960 scientie

60 1991 228 2050 charitalem
245 1991 350 2049 Christi
365 1992 473 2065 (Epiros.
490 2009 532 2059 ur,
549 1994 611 2063 19);
628 1993 847 2066 itemqueelibi,
863 1992 919 2049 Su-

58 2084 215 2154 peromuio
224 2089 315 2140 cutem
327 2083 387 2140 ιιι
395 2083 566 2151 charitatem,
581 2099 641 2157 quie
651 2092 690 2141 cst
700 2081 845 2140 uinculum
853 2099 918 2156 pcr-

59 2171 189 2244 [ectr'ouis
204 2172 317 2244 (Colore.
332 2189 373 2242 ru,
390 2172 444 2248 ll).
461 2173 491 2229 Si
508 2189 576 2246 ergo
597 2174 724 2230 chorites
745 2177 775 2230 et
798 2188 917 2245 supere·

61 2263 269 2320 minentiorem
287 2262 375 2320 habet
388 2263 477 2335 viam,
489 2272 516 2321 et
531 2264 728 2337 supereminet
742 2262 880 2333 scientie,
891 2268 918 2319 et

61 2351 267 2425 superomnia
282 2359 422 2426 precepta
436 2358 497 2423 est;
514 2353 618 2410 merito
631 2355 720 2412 vestis
735 2370 794 2425 qus
808 2352 919 2424 signiti-

60 2447 159 2510 oalur,
173 2442 294 2514 desuper
309 2446 444 2499 contexta
462 2442 641 2515 perhibetur.
656 2442 846 2501 lnoonsutllis
865 2458 916 2500 ιι-

61 2537 130 2599 torn,
147 2548 183 2588 ne
197 2530 356 2604 aliquando
376 2532 525 2590 dissuatur
540 2549 548 2589 ι
563 2541 590 2590 ιι
606 2535 641 2591 ad
658 2550 750 2591 unum
775 2532 916 2606 pervenit,

61 2621 132 2695 qnia
146 2621 177 2678 in
191 2637 281 2678 unum
298 2637 401 2679 omnes
416 2622 537 2695 colligit.
554 2623 636 2681 Sicut
650 2622 836 2697 inApostolis
851 2638 918 2681 cum

61 2715 138 2769 esset
153 2711 240 2769 etiem
257 2711 320 2784 ipse
336 2729 477 2770 numerus
489 2712 695 2783 duodenarius,
706 2714 734 2770 id
747 2713 919 2786 estquadri·

62 2801 191 2876 partitus
206 2802 236 2858 in
251 2806 362 2872 ternos,
375 2808 405 2860 et
415 2819 518 2861 omnes
533 2809 631 2861 essent
647 2803 825 2876 interrogati,
837 2806 918 2862 solus

64 2893 168 2948 Petrus
184 2891 346 2963 respondit,
363 2893 400 2948 Tu
416 2908 444 2949 ea
460 2891 587 2950 Christus
600 2895 686 2950 ditius
701 2895 751 2951 ilci
763 2895 838 2958 uiui:
849 2898 878 2950 et
891 2894 917 2951 ei

60 2980 181 3049 dicitur,
199 2982 263 3039 Tibi
286 2980 356 3039 dubo
380 2982 471 3040 claues
495 3001 571 3054 regor
587 2986 717 3041 certorum
733 2983 843 3055 (blottb.
859 2999 917 3050 ιιι,

62 3072 107 3139 15,
127 3071 170 3141 ld,
188 3071 243 3143 19),
260 3075 401 3144 tanquam
417 3072 527 3145 ligandi
543 3079 571 3131 et
586 3075 717 3132 solvendi
736 3074 815 3131 solus
837 3090 918 3131 ecce·

60 3161 138 3233 perit
160 3165 333 3234 potestatem
349 3180 357 3219 τ
371 3179 438 3220 cum
464 3171 492 3220 et
516 3163 590 3223 illud
614 3183 691 3223 unus
714 3182 765 3238 pro
780 3165 918 3222 omnibus

59 3252 178 3320 dixerit,
193 3256 223 3310 et
237 3252 292 3310 hoc
307 3270 374 3310 cum
391 3253 528 3312 omnibus
542 3260 684 3328 tanquam
701 3272 853 3329 personum
868 3270 918 3328 ge·

61 3356 130 3397 rens
151 3340 246 3414 ipsius
261 3343 383 3400 unitatis
396 3346 541 3416 acceperit
556 3361 562 3401 :
581 3347 644 3402 ideo
661 3363 739 3403 unus
753 3363 805 3420 pro
820 3344 918 3403 omni·

59 3431 128 3498 bus,
144 3430 214 3504 quia
227 3434 325 3489 unitas
348 3438 393 3490 est
419 3435 449 3492 in
473 3436 621 3495 omnibus.
638 3436 719 3494 Unde
735 3441 764 3494 et
786 3437 918 3494 hiscum

62 3521 198 3591 dixisset,
222 3521 340 3594 desuper
353 3529 503 3591 coniector
516 3527 637 3597 eddidit,
653 3544 705 3600 per
720 3533 817 3584 totum.
835 3525 919 3593 Quod

60 3612 87 3669 si
104 3611 267 3669 reseramus
283 3612 318 3668 ud
335 3613 362 3670 id
380 3615 457 3687 quod
473 3615 629 3688 significat,
644 3634 727 3674 nemo
739 3617 804 3688 ojus
819 3619 920 3673 estex·

61 3717 129 3775 pers
153 3700 202 3775 qui
226 3702 370 3775 pertinere
396 3704 542 3761 invenitur
557 3707 591 3762 ad
609 3712 699 3762 totum
717 3721 724 3763 :
742 3722 830 3778 equo
846 3710 919 3773 toto,

59 3792 142 3850 sicut
165 3808 256 3863 greca
281 3793 390 3851 indicet
406 3793 516 3867 lingua,
534 3795 675 3854 catholica
689 3800 808 3854 vocetur
822 3796 919 3854 Eccle-

59 3882 108 3939 sia
119 3882 173 3954 (c).
185 3883 219 3938 ln
231 3891 306 3940 sorte
318 3888 417 3941 autem
427 3885 510 3957 quid,
524 3885 578 3942 nisi
595 3886 646 3943 Dei
661 3886 755 3961 gratia
770 3901 919 3944 commen·

638 228 877 296 relevatus
895 228 997 295 dxix.
1019 230 1147 301 chenu
1168 238 1251 304 XIX.

1751 244 1830 311 lm

972 368 1138 440 sconditum
1154 377 1183 430 ot
1197 374 1345 447 signillcat
1360 390 1522 447 supernum
1539 375 1638 445 linem,
1650 395 1708 451 quo
1722 391 1829 441 cuncta

972 472 1061 529 opera
1074 461 1256 538 referuntur3
1271 465 1410 539 quonism
1426 474 1532 523 cunels
1545 482 1611 539 quos
1626 468 1779 529 latitudine
1792 491 1826 530 ec

971 543 1150 616 longitudine
1165 554 1238 633 bene
1248 572 1282 611 ao
1298 560 1516 627 perseveranter
1531 556 1613 626 ilunt,
1625 563 1744 630 propter
1758 560 1828 618 eltl·

972 637 1103 696 tudinem
1119 640 1285 702 diviuorum
1302 645 1434 703 iacienda
1447 650 1518 703 sunt
1533 647 1720 717 premiorum
1737 665 1744 706 :
1762 666 1826 723 pro·

972 726 1063 786 lunda
1077 738 1122 788 est
1136 733 1163 788 in
1180 750 1215 791 es
1230 740 1310 806 parte
1321 752 1379 806 qua
1394 735 1423 791 in
1439 739 1516 792 terra
1531 734 1649 809 hgltur3
1665 736 1706 794 ibi
1722 739 1830 813 quippe

971 823 1001 876 ct
1014 821 1128 879 occulte
1142 829 1198 892 eet,
1215 841 1267 883 uso
1280 825 1372 882 videri
1393 836 1496 897 potest,
1513 827 1563 882 sed
1580 829 1763 899 conctactus
1777 845 1829 903 ap·

972 912 1105 982 porentia
1119 918 1148 970 et
1162 914 1321 974 eminentia
1344 915 1412 972 inde
1438 923 1638 988 consurgunt;
1656 916 1733 974 sieut
1753 918 1830 976 bona

971 1006 1072 1057 nostre
1086 1002 1121 1058 de
1138 1004 1330 1073 profunditate
1345 1005 1444 1077 gratie
1460 1004 1522 1076 Dei,
1536 1022 1600 1078 que
1616 1005 1828 1080 comprehendi

972 1106 1006 1149 sc
1026 1092 1179 1163 dijudicari
1204 1111 1262 1151 non
1287 1098 1391 1167 potest,
1414 1095 1551 1151 univerae
1577 1096 1749 1168 procedunt.
1771 1096 1826 1154 Sed

971 1180 1025 1237 etsi
1035 1197 1107 1237 crux
1116 1183 1222 1238 Christi
1235 1183 1289 1240 hoc
1299 1183 1393 1240 solum
1406 1183 1551 1256 significet
1561 1186 1637 1257 qood
1651 1187 1692 1242 alt
1704 1189 1828 1256 Aposto-

971 1270 1029 1339 lus,
1046 1269 1100 1339 Qui
1114 1281 1209 1329 cutem
1223 1272 1286 1329 lesu
1308 1272 1388 1328 Criati
1412 1281 1487 1341 runt,
1503 1291 1615 1331 caraem
1639 1292 1721 1333 suom
1741 1278 1829 1335 cruci·

970 1359 1095 1430 ficerunt
1118 1377 1180 1417 cum
1203 1361 1378 1432 porcionibus
1392 1367 1420 1419 et
1437 1365 1665 1436 concupiscentiis
1680 1365 1782 1438 (Colat.
1799 1382 1826 1437 v,

969 1448 1027 1520 21),
1038 1466 1125 1522 quam
1140 1452 1399 1521 magnumbonum
1409 1453 1472 1509 ost?
1488 1452 1545 1512 Neo
1559 1457 1658 1511 ιιιιιι
1674 1455 1827 1527 fecithoc,

972 1541 1028 1598 nisi
1054 1546 1265 1618 concupiscens
1290 1545 1430 1602 adversus
1443 1559 1561 1603 carnem
1576 1546 1699 1617 spiritus
1720 1545 1827 1613 bonus,

970 1645 1038 1688 cum
1051 1631 1131 1690 illem
1144 1651 1261 1693 erucem
1273 1633 1381 1692 Christi
1396 1634 1497 1693 lecerit
1511 1634 1659 1704 inimicus,
1671 1633 1700 1690 id
1711 1636 1756 1691 est
1765 1635 1828 1707 spi·

971 1722 1045 1780 ritus
1058 1723 1160 1781 malus.
1173 1724 1399 1797 Postremoquid
1409 1729 1464 1794 est,
1475 1725 1662 1798 quodomnes
1673 1728 1828 1793 noverunt,

970 1813 1094 1886 Signum
1110 1814 1213 1886 Cbrlti,
1230 1816 1288 1874 uisi
1305 1833 1378 1873 crux
1393 1815 1520 1874 Christi?
1535 1815 1616 1881 Quod
1637 1816 1754 1888 signum
1770 1814 1828 1874 uisi

974 1902 1147 1961 adhibentur
1161 1906 1221 1963 sire
1237 1907 1381 1963 frontibus
1397 1904 1587 1976 credentium,
1598 1904 1656 1963 eive
1672 1904 1729 1977 ipsi
1744 1920 1826 1977 uque

973 2004 1008 2046 ιι
1018 2006 1075 2062 qua
1085 1997 1304 2064 regenerentur,
1315 1992 1449 2051 siveoleo
1463 2010 1521 2066 quo
1534 1992 1694 2051 chrismate
1709 2007 1827 2064 ungun-

973 2084 1029 2151 tur,
1041 2081 1102 2140 sive
1116 2084 1260 2142 sacrificio
1270 2101 1326 2156 quo
1342 2083 1471 2151 aluntur,
1484 2084 1558 2141 nihil
1575 2100 1675 2141 eorum
1692 2082 1745 2139 rito
1760 2099 1825 2156 per·

972 2171 1078 2231 ilcitur.
1090 2175 1239 2239 Quomodo
1253 2191 1322 2249 ergo
1337 2192 1388 2248 per
1403 2175 1431 2231 id
1442 2176 1520 2247 quod
1538 2173 1608 2232 mali
1623 2172 1826 2240 laoiuntnihil

972 2258 1040 2317 boni
1065 2261 1261 2334 signisscatur;
1278 2264 1395 2336 quando
1410 2279 1463 2335 per
1476 2276 1590 2320 crucam
1606 2262 1724 2327 Christi,
1735 2275 1825 2333 quam

971 2350 1103 2407 iecerunt
1125 2352 1206 2420 mali,
1220 2354 1250 2410 in
1267 2353 1460 2413 celebratione
1483 2353 1740 2411 Sacramentorum
1760 2351 1824 2422 elus

971 2438 1080 2497 bonum
1092 2443 1175 2500 nobis
1186 2460 1273 2502 omne
1283 2442 1437 2518 signeturl
1448 2443 1502 2500 Sed
1513 2442 1573 2500 heo
1584 2442 1728 2500 hactenus
1739 2457 1747 2498 r
1758 2457 1823 2514 qus

972 2533 1071 2588 auteur
1085 2541 1263 2607 sequuntur,
1279 2535 1362 2600 alias,
1379 2540 1411 2591 ut
1427 2538 1501 2591 Deus
1516 2531 1718 2605 opitulabitur,
1735 2530 1826 2589 disse·

972 2618 1062 2678 rendo
1075 2621 1253 2683 videbimus.

1236 2749 1448 2809 iuncturus
1468 2749 1563 2809 cxlx.

972 2854 1010 2912 Ab
1034 2871 1066 2913 co
1089 2858 1159 2931 quod
1181 2863 1314 2932 requitur,
1330 2858 1365 2915 ut
1389 2857 1496 2916 milites
1520 2856 1639 2930 quidem
1664 2854 1725 2913 hee
1750 2855 1827 2913 lece-

1010 2949 1093 3012 runt;
1110 2962 1194 3020 usque
1208 2949 1243 3004 od
1257 2948 1296 3014 id,
1313 2947 1346 3003 tlt
1360 2946 1498 3005 inclinato
1514 2946 1608 3018 capite
1622 2943 1743 3002 tradidit
1766 2942 1826 3017 spi·

1009 3034 1107 3090 ritum.
1126 3035 1190 3109 Cep.
1207 3054 1264 3093 ιιι.
1283 3036 1309 3106 ).
1324 3035 1420 3093 ‘rt-30.

1010 3169 1034 3224 l.
1047 3166 1188 3225 Crucillao
1200 3165 1335 3235 Domino,
1346 3173 1533 3236 posteaquam
1550 3164 1655 3221 divisio
1671 3161 1828 3219 vestimen·

974 3260 1070 3314 torum
1095 3257 1158 3329 ejus
1184 3257 1272 3313 otiam
1294 3260 1370 3312 sorte
1394 3253 1484 3311 missa
1512 3253 1654 3324 completa
1682 3258 1737 3321 eet,
1763 3267 1825 3323 que

973 3347 1078 3405 deinde
1101 3351 1200 3404 narret
1220 3349 1349 3403 loannes
1373 3344 1551 3416 evangeliste
1573 3342 1729 3398 videamus.
1755 3361 1770 3391 ι
1793 3339 1827 3396 llt

973 3437 1083 3494 milites
1097 3436 1229 3510 quidem,
1242 3457 1256 3487 >i
1269 3434 1373 3508 inquit,
1385 3456 1400 3486 ι
1413 3435 1473 3491 ιιι
1489 3433 1629 3489 iecerunt.
1641 3429 1764 3486 Stabunt
1776 3441 1826 3484 au·

972 3531 1032 3585 tem
1055 3529 1138 3599 juxta
1162 3542 1274 3584 erucem
1285 3526 1368 3591 iesu,
1384 3529 1479 3581 mater
1492 3523 1566 3592 ejus,
1582 3523 1612 3576 et
1626 3534 1710 3576 soror
1723 3515 1825 3573 metris

972 3616 1037 3689 elus
1053 3617 1140 3674 hieria
1155 3615 1297 3687 cteophc,
1313 3623 1339 3672 et
1355 3614 1446 3671 llario
1460 3608 1640 3682 Magdalene.
1654 3604 1826 3663 Comvidls·

973 3709 1018 3763 set
1032 3722 1100 3779 ergo
1124 3707 1209 3762 lesus
1224 3709 1345 3762 matrem
1362 3707 1388 3760 et
1404 3698 1580 3772 discipulum
1596 3700 1721 3755 stantem
1737 3708 1824 3766 quem

973 3795 1125 3868 diligebat,
1140 3794 1210 3852 dicit
1225 3794 1311 3852 matri
1327 3809 1395 3862 ιιι,
1411 3790 1527 3862 Mulier,
1541 3805 1609 3845 ecce
1631 3787 1709 3843 illius
1729 3789 1825 3842 tuost

973 3885 1078 3942 deinde
1089 3885 1160 3941 dicit
1174 3884 1330 3958 discipulo,
1341 3884 1414 3940 lioce
1428 3885 1519 3939 mater
1533 3885 1593 3936 tue.
1607 3878 1641 3934 lit
1650 3892 1685 3934 ιι
1694 3873 1745 3931 ille
1754 3873 1825 3933 hora

58 3974 129 4032 data
143 3974 266 4030 estillic
280 3975 388 4048 quippe
404 3977 433 4031 iu
448 3993 505 4033 uno
521 3976 557 4033 ed
573 3994 676 4035 omnes
694 3981 836 4051 pervenit,
851 3994 917 4036 curn
974 3976 1084 4052 accepit
1098 3994 1162 4035 eam
1174 3974 1336 4050 discipulus
1351 3977 1381 4032 in
1394 3990 1457 4032 sua.
1470 3994 1485 4025 ι
1496 3972 1562 4029 lieo
1574 3965 1826 4026 nimirumeslillss

59 4079 125 4122 sors
139 4062 277 4120 omnibus
294 4063 594 4138 placuit,quiaetllei
609 4068 744 4141 graticio
757 4069 867 4126 unitate
881 4069 918 4126 ad
973 4069 1046 4126 hora
1068 4069 1104 4126 de
1128 4085 1186 4141 qua
1207 4067 1295 4126 iosus
1318 4082 1426 4141 nquam
1449 4078 1644 4123 conversurus
1663 4059 1693 4116 in
1713 4058 1824 4125 einum,

58 4169 166 4212 omues
181 4155 308 4227 pervenit
326 4171 333 4211 :
350 4160 378 4212 et
393 4172 461 4214 cum
476 4174 541 4214 sors
557 4159 695 4230 mittitur,
712 4177 770 4217 non
787 4176 919 4233 personas
973 4159 1084 4217 dixerat
1112 4160 1208 4229 matri,
1229 4158 1298 4228 Quid
1321 4158 1393 4215 mihi
1416 4161 1441 4215 rt
1464 4156 1517 4213 tibi
1540 4162 1589 4224 cst,
1614 4148 1732 4208 meliert
1754 4163 1825 4206 norr-

58 4242 204 4315 quusque
218 4243 261 4301 rel
278 4245 403 4312 moritis,
415 4248 465 4303 sed
482 4249 596 4306 occulto
607 4249 723 4321 judicio
733 4249 784 4307 Del
793 4250 917 4307 ceditur.
972 4249 1038 4307 dum
1052 4251 1128 4307 cruit
1141 4251 1211 4307 horo
1225 4266 1285 4306 meo
1299 4251 1392 4322 (loce.
1408 4265 1440 4318 ιι,
1454 4248 1493 4319 l).
1509 4246 1589 4303 liano
1604 4244 1700 4313 itoque
1723 4238 1823 4296 horam

100 4334 128 4390 ι.
142 4331 199 4390 Nee
213 4332 277 4390 ideo
293 4333 350 4391 ista
363 4352 421 4393 non
438 4335 549 4409 aliquid
566 4339 635 4396 boni
657 4338 836 4410 significasse
851 4340 919 4412 quis
973 4339 1144 4413 predixerat
1158 4357 1220 4412 quie
1235 4344 1305 4396 tunc
1326 4339 1457 4396 nondum
1473 4338 1598 4401 venerat,
1613 4332 1642 4387 in
1660 4345 1717 4402 qua
1735 4328 1824 4384 debe·

59 4421 178 4490 dixerit,
193 4422 262 4493 quia
286 4438 337 4496 per
362 4424 454 4482 malos
472 4426 547 4483 lacte
570 4432 648 4496 suut,
665 4444 723 4485 non
741 4427 852 4485 scilicet
867 4444 919 4501 per
973 4434 1017 4488 rel
1040 4445 1197 4502 agnoscere
1219 4429 1392 4494 morituros,
1408 4423 1444 4481 de
1467 4439 1525 4496 qua
1548 4422 1643 4477 luerat
1662 4416 1824 4476 mortaliter

58 4511 173 4586 eosqui
183 4511 331 4570 Christum
347 4515 448 4584 secuti,
460 4516 510 4573 sed
524 4517 574 4589 qui
591 4520 660 4574 sunt
675 4518 830 4590 persecuti.
842 4517 917 4584 Quid
972 4523 1071 4576 natus.
1085 4518 1170 4577 Tune
1180 4533 1249 4591 ergo
1262 4516 1360 4573 divine
1370 4514 1509 4581 lecturus,
1520 4526 1578 4567 non
1593 4505 1764 4574 divinitatis,
1774 4507 1824 4563 sed

57 4603 139 4661 enirn
152 4603 188 4663 de
197 4604 263 4678 ipse
274 4621 359 4663 cruce
369 4606 472 4664 dicturi
489 4623 603 4676 sumus,
616 4626 679 4683 qua
692 4614 769 4668 certe
784 4610 919 4668 similiter
971 4610 1151 4668 infirmitatis
1161 4608 1369 4667 matremvelut
1378 4602 1556 4678 incognitam
1566 4597 1823 4673 repellebatrnuno

57 4694 97 4752 ab
114 4693 240 4751 inimicis
251 4703 338 4768 atque
351 4695 452 4769 impiis
463 4696 577 4755 Christo
591 4699 666 4756 lecta
677 4704 706 4757 et
716 4700 841 4774 impacta
851 4702 917 4759 esti
972 4703 1069 4761 autem
1094 4701 1223 4757 bumana
1244 4700 1308 4772 jem
1332 4697 1455 4770 patiens,
1479 4710 1513 4751 ex
1536 4708 1592 4763 qua
1616 4691 1709 4748 lueret
1727 4689 1823 4747 lactus

56 4788 95 4841 Bt
115 4788 214 4840 tamen
236 4799 271 4841 ea
295 4784 455 4858 aigniilcsri
481 4791 558 4845 recte
582 4788 755 4864 intelligitur
779 4792 854 4864 qood
879 4793 919 4850 alt
974 4787 1422 4860 bomo,alloetucommendabut
1437 4778 1823 4852 bumano.'lunoenimqni

55 4874 225 4948 Apostolus,
244 4874 309 4944 Qec
331 4877 369 4933 sit
394 4877 523 4947 latitudo,
539 4887 565 4936 et
581 4880 732 4953 iongitudo,
747 4889 775 4940 et
789 4882 916 4953 altitudo,
973 4881 1094 4940 hieriam
1119 4886 1274 4953 creaverat,
1297 4877 1495 4940 innotescebat
1517 4874 1622 4934 virtute
1637 4890 1645 4933 t
1662 4888 1742 4931 nuno
1755 4884 1823 4927 vero

55 4968 85 5022 et
113 4967 282 5035 profundum
308 4966 415 5037 (specs.
441 4984 482 5031 ru,
511 4968 563 5041 18).
590 4970 658 5026 Lata
683 4976 728 5029 est
751 4971 859 5044 quippe
887 4974 915 5030 in
972 4973 1050 5043 quod
1068 4971 1157 5030 Mario
1171 4975 1332 5046 pepererat,
1349 4968 1492 5044 pendebat
1505 4966 1535 5022 io
1551 4979 1636 5023 cruce
1650 4963 1699 5035 lo).

56 5063 226 5112 transverso
243 5053 332 5127 ligno,
345 5057 610 5129 quoextenduntur
626 5061 777 5130 pendentis
794 5079 914 5135 menus3
1006 5060 1033 5118 2.
1054 5061 1172 5120 Moralis
1196 5062 1285 5135 igitur
1300 5060 1466 5119 insinuetur
1488 5058 1578 5115 locus.
1595 5052 1675 5111 Facit
1689 5050 1765 5122 quod
1781 5048 1825 5106 ia·

53 5148 86 5202 et
111 5142 261 5216 signilloet
284 5160 371 5217 opera
395 5146 483 5218 bona,
507 5148 538 5204 in
563 5147 719 5207 latitudine
741 5151 915 5211 eharitatis:
969 5149 1108 5207 ciendum
1132 5152 1282 5220 admonet,
1305 5156 1334 5208 et
1356 5148 1488 5220 exemplo
1511 5163 1567 5204 suo
1594 5158 1664 5202 suos
1688 5136 1825 5198 instruxit

53 5236 149 5305 longa
168 5236 213 5289 est
228 5249 245 5288 a
259 5236 425 5294 transverso
450 5236 530 5312 ligno
555 5254 647 5312 usque
671 5242 707 5297 ad
732 5245 849 5315 terrem,
866 5244 915 5302 ubi
971 5243 1131 5313 preceptor
1141 5240 1246 5309 bonus,
1259 5244 1321 5297 uta
1337 5241 1403 5297 liliis
1418 5237 1474 5311 piis
1486 5234 1673 5308 impendatur
1683 5247 1752 5289 oure
1772 5246 1824 5305 ps·

53 5323 181 5381 dorsum
207 5319 353 5396 pedesque
375 5325 521 5400 llguntur3
535 5333 562 5383 et
577 5326 720 5403 significat
735 5346 917 5402 perseveren·
971 5330 1125 5389 rentibus:
1141 5335 1282 5403 tanquam
1298 5330 1412 5400 liguum
1428 5326 1499 5383 illud
1511 5326 1560 5383 ubi
1572 5328 1654 5382 erent
1669 5323 1726 5379 ilxa
1737 5336 1826 5380 mom·

52 5415 130 5472 tiam
148 5410 178 5467 in
193 5409 376 5484 longitudine
391 5417 532 5489 temporis
545 5434 636 5488 usque
647 5418 675 5475 in
686 5419 775 5477 llnem
787 5435 795 5476 τ
807 5420 917 5479 aliaest
971 5418 1025 5477 bra
1039 5419 1200 5490 morientis,
1213 5421 1298 5478 etiarn
1310 5417 1449 5475 cathedra
1466 5414 1554 5472 inerit
1573 5413 1705 5487 magistri
1718 5412 1825 5468 doceo·

50 5504 86 5562 ln
104 5498 268 5568 mcumine,
279 5515 334 5573 quo
346 5506 544 5565 trunsversum
557 5505 671 5582 lignum
684 5524 804 5568 ιιιιιιι
815 5524 917 5569 versus
972 5508 1021 5568 tis.
1036 5509 1077 5567 Ex
1091 5510 1147 5569 ιιι
1166 5526 1239 5569 sana
1252 5509 1385 5568 doctrina
1401 5506 1544 5565 didicerat
1554 5503 1658 5563 Paulus
1675 5500 1825 5578 apostolus

87 5604 128 5667 (ο)
137 5598 224 5655 Grec.
239 5599 309 5666 obri,
324 5604 418 5658 totum
1003 5608 1043 5675 (ι)
1054 5609 1113 5665 vlu.
1129 5622 1219 5676 supra,
1233 5609 1320 5663 'lraet
1333 5606 1360 5664 8.
