3952 6150
84 234 168 295 tete

78 368 216 426 tudinem
231 373 263 426 ut
281 369 431 441 liberetur,
452 374 600 443 justitiam
616 379 647 432 ut
670 376 809 447 cognitor.
828 380 946 449 Propter

81 459 144 513 brec
158 474 227 515 enm
238 475 302 516 esse
313 465 502 533 regnaturum
518 463 548 520 in
563 464 672 537 Spiritu
687 471 789 522 sancto
801 466 943 539 propheta

81 546 342 621 predixeretsssei.
357 551 408 623 rr).
433 552 505 608 Cum
523 552 695 626 loqueretur,
721 556 826 612 veritae
852 572 942 629 agno·

82 636 246 694 scebatur:
271 654 339 697 cum
363 640 503 698 adversus
528 640 660 700 inimicos
684 660 740 701 non
766 650 942 711 moveretur,

83 728 284 786 mansuetudo
294 727 478 786 laudabatur.
491 731 562 788 Cum
575 748 642 806 ergo
653 734 688 789 de
698 734 812 791 duobus
823 733 897 795 istie,
911 734 939 792 id

80 818 129 871 est
142 815 181 871 de
194 816 315 874 veritate
335 822 364 875 ct
380 821 604 878 mansuetudine
619 822 694 893 ejus,
715 823 827 879 inimici
852 823 941 881 livore

80 912 110 963 rt
133 907 246 964 invidis
269 914 473 981 torquerentur
495 926 503 977 3
530 911 672 984 intentio,
698 914 787 970 idest
811 913 939 986 justitia,

79 994 257 1053 scandalum
287 1005 456 1069 posuerunt.
481 999 602 1065 Quare?
629 1001 702 1067 Quia
732 1002 786 1057 iaex
811 1003 942 1073 jusserat

78 1083 232 1141 adulteros
243 1085 385 1158 lapideri;
400 1090 430 1143 et
445 1087 547 1160 utique
563 1088 618 1144 Lex
632 1090 711 1161 «quod
724 1090 864 1161 injustum
880 1095 942 1146 erat

76 1173 187 1243 jubere
199 1190 258 1231 non
275 1179 387 1248 poterat
402 1192 409 1232 ι
429 1176 456 1234 si
476 1177 543 1249 quis
558 1177 639 1235 aliud
654 1179 763 1236 diecret
778 1196 865 1252 qnam
885 1181 941 1235 Lex

77 1265 221 1334 jusserat,
244 1263 376 1336 iniustus
400 1265 676 1339 deprehenderetur.
701 1268 843 1326 iiixerunt
871 1284 940 1341 crgo

80 1351 163 1425 apud
180 1352 354 1426 semctipsos
364 1372 371 1409 :
383 1356 612 1428 Veraxpuiainr,
625 1362 798 1414 mansuetus
808 1358 938 1423 videtum

81 1443 250 1515 dejestitia
262 1443 306 1502 iili
322 1447 479 1516 querenda
501 1447 648 1505 calumnia
665 1458 719 1507 est.
735 1448 899 1506 Offeramus
913 1449 939 1506 ci

82 1532 238 1591 mulierem
248 1533 278 1591 in
289 1534 430 1592 adulterio
446 1537 671 1610 deprehensam,
683 1539 815 1596 dicemus
824 1538 894 1612 quid
905 1540 941 1595 dc

81 1626 133 1681 iila
147 1625 179 1682 in
196 1626 271 1698 Lege
284 1630 462 1699 preceptum
479 1628 538 1684 sit:
555 1628 580 1685 ei
592 1646 655 1686 eam
668 1630 790 1701 jusserit
805 1629 939 1703 lapidari,

83 1716 343 1774 mansuetudinem
354 1733 411 1774 non
428 1717 548 1774 babebit
559 1736 566 1787 ;
577 1720 602 1775 si
618 1736 680 1775 earn
698 1720 807 1778 dimitti
820 1734 942 1777 censue·

81 1805 289 1879 rit,]uatitiam
305 1821 363 1863 non
379 1807 499 1863 tenebit.
516 1807 547 1866 Ut
562 1812 657 1866 autem
673 1811 940 1871 mansuetudinem.

82 1898 234 1971 inquiunt,
250 1914 307 1953 non
325 1897 437 1970 perdat,
457 1898 488 1954 in
511 1915 570 1969 qua
591 1901 652 1971 Jern
674 1902 789 1973 populis
804 1902 940 1959 amabilis

82 1988 180 2044 iectus
190 1990 245 2053 est,
255 1986 319 2043 sine
330 1986 419 2044 dubio
428 2002 494 2044 eam
505 1987 613 2045 dimitti
625 1988 728 2046 debere
739 1990 871 2047 dicturus
882 1994 940 2060 est,

82 2076 157 2133 ilinc
174 2092 226 2133 nos
242 2076 409 2134 invenimus
431 2077 586 2135 accusandi
602 2079 797 2146 occasionem,
813 2086 841 2136 et
856 2096 938 2137 reum

79 2166 209 2224 indimus
222 2169 364 2237 tunquam
381 2166 463 2238 legis
479 2167 745 2237 praevaricatorem:
762 2169 890 2227 dieentes
901 2171 938 2240 ei,

81 2254 183 2313 iloetis
198 2271 231 2312 es
247 2256 340 2328 legis,
355 2259 455 2312 conire
470 2256 589 2329 Moysen
612 2259 780 2331 respondes,
797 2258 855 2316 imo
871 2276 939 2316 eon·

81 2354 126 2400 tra
140 2360 209 2402 eum
225 2347 276 2417 qni
288 2360 339 2417 per
350 2345 468 2418 blopecn
479 2346 584 2417 Legem
595 2347 692 2416 dedit;
704 2363 771 2405 reus
783 2364 815 2405 es
825 2349 937 2419 mortis,

78 2450 146 2490 curn
173 2433 224 2490 ilie
246 2443 273 2491 ei
300 2438 331 2491 tu
357 2434 618 2509 ipselapidondus.
643 2437 744 2494 l’oseet
772 2437 818 2496 bie
841 2439 939 2495 verbis

77 2530 168 2596 atquo
184 2524 231 2580 bis
245 2524 400 2580 sententiis
410 2524 585 2582 iniiamrnari
602 2524 719 2594 invidia,
737 2527 845 2584 terrere
856 2545 938 2585 eccu-

77 2614 165 2679 satio,
181 2613 473 2687 dagitnridemnntie.
484 2617 539 2672 Sed
556 2616 603 2672 eui
614 2615 689 2673 booi
707 2617 883 2675 Perversites
893 2634 938 2677 re-

76 2704 227 2775 ctitudini,
238 2705 350 2762 salsitas
362 2705 485 2777 ueritati,
502 2713 670 2780 corruptum
686 2724 734 2765 cor
748 2711 829 2767 cordi
849 2714 936 2776 recto,

77 2794 206 2851 stultitia
230 2793 378 2867 sapienta.
397 2796 518 2861 Quando
530 2797 571 2852 ilii
587 2797 707 2869 laqueos
731 2805 936 2871 praepararent,

79 2883 938 2957 inquosnonprinsipsicaputiojicereniiducebaminus

79 2973 111 3029 in
127 2972 330 3043 respondendo
343 2974 522 3044 stirrstitiam
534 2979 701 3033 servaturus
711 2983 766 3043 eat,
781 2982 810 3034 ci
825 2995 842 3035 a
859 2994 938 3037 mau-

77 3062 236 3119 suetudine
251 3078 309 3119 non
320 3078 493 3120 recessurus.
511 3065 574 3121 Non
591 3074 634 3121 est
650 3071 751 3137 eaptus
766 3069 812 3123 cui
835 3070 937 3126 tende·

78 3152 179 3222 batur,
202 3152 253 3208 sed
280 3152 377 3225 potins
397 3154 476 3225 capti
499 3159 570 3211 sunt
596 3154 647 3227 qui
663 3156 844 3227 tendebant;
868 3158 939 3232 qnia

79 3243 109 3299 in
123 3256 194 3297 enm
208 3242 259 3313 qui
275 3258 324 3298 eos
341 3251 440 3315 posset
458 3242 495 3301 de
508 3242 621 3316 laqueis
636 3260 747 3314 eruere,
765 3263 821 3304 non
837 3249 935 3306 crode·

83 3335 165 3392 bant.

113 3426 141 3480 5.
158 3424 233 3492 Quid
249 3441 318 3497 ergo
342 3424 491 3498 respondit
505 3425 646 3484 Dominus
669 3427 754 3486 iesus
768 3428 782 3483 ἱ)
806 3430 876 3502 quid
893 3446 938 3488 re·

76 3516 200 3588 spondit
212 3514 342 3571 veritas?
357 3515 428 3589 qnid
444 3516 594 3589 respondit
608 3517 750 3591 sapientia
763 3522 778 3575 ‘i
797 3519 867 3591 quid
893 3538 938 3578 re·

77 3605 193 3677 spondit
208 3604 273 3677 ipsa
283 3605 329 3661 eni
341 3603 489 3662 calumnis
498 3606 779 3681 parabatnrJuetitia
789 3611 803 3665 ζ’
813 3610 874 3667 Non
892 3611 937 3666 di·

76 3694 130 3765 xit,
147 3694 211 3753 lion
231 3694 397 3768 lapidetur3
423 3711 460 3753 ne
478 3701 578 3753 contra
597 3697 702 3769 Legem
718 3698 813 3756 diecrc
827 3700 937 3757 videro·

78 3792 136 3843 tur.
147 3786 334 3843 itbsitautcm
343 3786 516 3856 ntdiscsret,
526 3788 697 3861 lapidetur:
712 3790 937 3849 renitenimnon

82 3878 204 3949 perdere
220 3877 296 3949 ‹prrod
313 3875 472 3945 invenerat,
496 3878 548 3935 sed
565 3894 692 3951 querere
715 3880 790 3950 quod
814 3897 865 3953 per
879 3889 939 3938 erat

80 3968 161 4037 (ive.
177 3981 235 4035 arx,
258 3966 314 4037 iti).
336 3965 410 4031 Quid
435 3982 502 4037 erpo
532 3968 706 4039 respondit?
729 3966 829 4027 Videte
852 3985 939 4042 quarn

80 4056 203 4129 plenum
219 4053 390 4125 sitjusiitia,
407 4054 526 4127 plenum
552 4058 778 4114 mansuetudine
792 4062 819 4115 ei
834 4060 940 4115 verita·

80 4148 110 4201 te
125 4143 132 4200 !
145 4144 203 4211 Qut
216 4142 278 4198 sine
290 4148 397 4214 peccato
412 4148 451 4200 est
464 4150 596 4211 uestrum,
614 4145 718 4218 inquii,
729 4149 806 4219 prior
817 4151 844 4203 in
861 4148 942 4204 illum

80 4232 206 4306 lapidem
215 4234 318 4289 mittet.
334 4236 358 4291 0
372 4233 520 4306 responsio
539 4234 706 4306 sapientie!
723 4236 873 4300 Quomodo
888 4253 938 4295 eos

79 4320 242 4377 intromisit
256 4319 286 4376 in
303 4319 354 4376 set
369 4321 447 4378 ioris
457 4321 534 4378 enim
545 4322 811 4392 calumniabantur,
827 4325 939 4396 seipsas

79 4408 938 4483 intrinseensnobperscrutabantur:aduiteramvidebant,

80 4516 114 4559 se
123 4516 181 4558 nen
193 4498 418 4573 perspiciebant.
432 4499 667 4558 Prasaricetores
677 4502 872 4575 Logisbegem
885 4503 940 4559 im·

81 4587 156 4662 pieri
170 4587 340 4661 cupiebant,
356 4591 385 4644 et
400 4588 454 4644 boc
470 4589 677 4645 calumniando
690 4614 697 4659 ;
713 4606 771 4646 non
786 4606 862 4660 vere,
878 4593 941 4647 tan·

82 4692 174 4749 qnam
185 4675 329 4734 adulteria
339 4675 473 4732 castitate
483 4677 660 4734 damnando.
678 4679 819 4746 Audistis,
830 4678 845 4735 J
850 4679 940 4751 udrei;

83 4765 218 4836 audiatis,
244 4765 383 4820 i’bnrisni
398 4782 405 4833 ;
422 4763 554 4837 audistis,
579 4766 662 4839 Legis
690 4765 833 4838 doctores,
860 4768 941 4840 tegis

659 242 890 307 'i'uacrti'tis
912 244 1048 307 xxxiii.
1072 250 1202 313 CAPUT
1225 252 1288 312 vii.

1773 256 1852 319 1eeo

999 380 1077 438 enim
1093 384 1142 456 qui
1153 384 1193 442 sii
1209 388 1238 441 ¹:
1254 386 1323 458 quia
1343 404 1427 444 nemo
1452 388 1507 444 scit
1531 388 1683 446 hominnm
1703 398 1851 461 quaeunt

997 469 1131 542 bominis,
1148 475 1204 531 nisi
1220 476 1341 549 spiritus
1356 476 1495 548 hominis,
1507 478 1558 550 qul
1578 478 1607 535 in
1623 477 1772 551 ipsoest(l
1788 480 1848 536 Cor.

997 578 1028 630 n,
1046 563 1099 633 ii).
1117 564 1325 640 Unusquisque
1342 569 1370 625 in
1391 584 1422 625 se
1437 568 1604 639 intendens,
1625 573 1806 639 peccatorem
1821 586 1851 625 se

996 649 1112 709 invenit.
1130 653 1172 710 ltu
1197 653 1290 725 plane.
1315 660 1387 730 tirpo
1402 661 1454 715 aut
1477 658 1563 714 iatam
1584 656 1728 725 dimittite,
1744 662 1794 714 ent
1807 657 1851 715 si-

996 739 1056 796 mul
1072 757 1139 797 eum
1155 741 1205 800 illa
1220 760 1334 817 poenam
1349 746 1429 819 tegis
1443 746 1575 819 exeipiie.
1599 745 1629 803 Si
1651 745 1772 815 diceret,
1787 743 1849 804 Non

994 828 1280 901 lapideturadnltern
1292 853 1299 903 ;
1310 836 1438 908 injustus
1451 836 1684 893 convinceretur:
1697 837 1720 891 si
1730 836 1849 903 diceret,

996 920 1152 993 Lapidetnr
1163 941 1170 991 ;
1183 930 1355 983 mansuetus
1371 944 1427 984 uon
1441 927 1603 984 videretur:
1621 927 1697 983 dicat
1708 926 1786 999 quod
1800 927 1849 983 di-

994 1025 1059 1066 cere
1073 1011 1169 1081 debet,
1184 1018 1212 1070 et
1226 1022 1395 1072 mansuetus
1412 1020 1442 1072 et
1452 1017 1566 1089 justus,
1581 1017 1637 1087 Qui
1659 1018 1721 1072 sine
1739 1023 1849 1088 peccato

994 1104 1034 1157 est
1048 1107 1178 1170 uestrum,
1193 1105 1270 1174 prior
1284 1104 1314 1159 iu
1324 1103 1400 1161 iilam
1415 1104 1533 1176 lapidem
1547 1107 1648 1162 initiat.
1660 1110 1726 1161 line
1737 1105 1848 1175 resju-

995 1189 1081 1245 etitim
1094 1194 1137 1245 est
1154 1206 1161 1245 ε
1179 1190 1317 1249 Punietur
1334 1193 1485 1265 peccatrix,
1511 1195 1561 1250 sed
1577 1210 1635 1250 non
1660 1211 1675 1249 a
1692 1193 1848 1266 peccatori·

995 1279 1069 1347 bus;
1086 1278 1243 1351 implentur
1264 1283 1329 1350 Lex,
1344 1283 1395 1339 sed
1412 1299 1469 1340 non
1485 1299 1502 1339 a
1517 1282 1847 1355 prevaricatoribnsbe·

995 1367 1050 1440 gis.
1068 1368 1131 1425 liae
1148 1386 1199 1425 vox
1212 1372 1331 1428 onmino
1340 1371 1458 1444 lustitia
1472 1377 1517 1428 est
1531 1389 1537 1426 :
1550 1388 1608 1445 qua
1619 1371 1734 1444 justitie
1748 1372 1845 1429 illita·

995 1474 1083 1528 quom
1101 1460 1204 1516 trabali
1220 1460 1277 1517 tolo
1295 1461 1436 1534 percussi,
1455 1478 1519 1520 sese
1537 1462 1726 1535 inspicientes
1739 1465 1768 1520 et
1784 1479 1847 1521 reos

995 1547 1184 1609 invenientes.
1201 1566 1272 1606 unus
1287 1555 1726 1622 postumumomnesrecesserrmt.
1744 1551 1847 1609 italioti

994 1633 1145 1695 reciduo,
1163 1635 1269 1690 misere
1293 1639 1322 1691 et
1346 1635 1554 1693 misericordia.
1580 1636 1723 1693 liominns
1747 1640 1846 1693 autem

994 1736 1062 1777 curn
1078 1735 1126 1777 eos
1142 1722 1191 1778 iiio
1211 1724 1268 1780 telo
1279 1724 1400 1795 justitie
1417 1726 1617 1796 percussisset,
1634 1740 1686 1783 nec
1709 1725 1847 1800 digestos

994 1812 1186 1869 ostendentes
1201 1816 1360 1882 attendere,
1376 1816 1426 1872 sed
1438 1831 1537 1872 averso
1548 1816 1584 1872 eb
1598 1816 1640 1873 eis
1655 1817 1772 1885 obtutu,
1783 1832 1847 1873 rur·

993 1916 1054 1956 suro
1067 1900 1154 1970 riipiio
1168 1903 1300 1960 scribebat
1315 1904 1344 1960 in
1366 1912 1452 1963 terrn.

1028 1984 1055 2039 o.
1073 1983 1182 2041 iioiictn
1212 1990 1310 2043 autem
1334 1988 1396 2044 sola
1424 1987 1474 2045 iiia
1498 1987 1630 2056 muliere,
1655 1987 1849 2059 omnibusque

994 2072 1179 2143 abeuntibus,
1196 2074 1300 2131 levavit
1311 2076 1411 2134 oculos
1426 2092 1494 2134 snos
1505 2077 1541 2133 ad
1554 2076 1715 2134 mulierem.
1730 2075 1847 2134 Audiri·

995 2177 1061 2217 mus
1072 2177 1168 2219 rocem
1177 2164 1309 2234 justitie,
1322 2166 1511 2222 audiemuset
1522 2166 1766 2224 mansuetudinis.
1779 2164 1848 2223 l’lus

993 2252 1191 2322 salmeredo,
1207 2257 1308 2311 territa
1322 2260 1385 2313 eret
1401 2255 1451 2313 ilia
1476 2256 1580 2313 mulier
1595 2272 1663 2314 eum
1685 2255 1817 2313 audisset
1831 2272 1848 2311 a

994 2341 1116 2399 Domino
1131 2344 1251 2411 dicium,
1264 2344 1317 2414 Qui
1338 2346 1399 2403 sine
1412 2351 1521 2419 pecenio
1534 2354 1573 2403 esi
1587 2352 1717 2413 restrum,
1731 2347 1807 2420 prior·
1817 2346 1849 2401 ia

992 2434 1072 2489 iilum
1087 2434 1204 2506 lapidem
1219 2439 1324 2493 initiet.
1342 2435 1387 2493 lili
1405 2452 1473 2508 ergo
1486 2438 1668 2494 attendentes
1683 2450 1726 2504 se,
1739 2440 1767 2493 et
1777 2436 1848 2493 abs·

992 2539 1074 2580 cesso
1091 2524 1154 2597 ipso
1168 2526 1293 2582 confessi
1310 2526 1345 2583 de
1359 2541 1400 2596 ae,
1417 2526 1595 2597 reliquerant
1610 2525 1763 2582 mulierem
1778 2540 1847 2580 enm

992 2611 1096 2684 grandi
1112 2619 1238 2684 peccato,
1254 2614 1281 2669 ei
1297 2613 1422 2686 quierat
1436 2615 1500 2671 eine
1516 2619 1643 2686 peccato.
1661 2613 1694 2669 ut
1707 2613 1779 2686 quia
1798 2611 1849 2670 illa

993 2701 1047 2758 boe
1057 2702 1199 2771 audierat,
1214 2703 1268 2773 Qui
1281 2705 1341 2760 sine
1351 2712 1460 2776 peccato
1474 2708 1523 2772 est,
1539 2703 1617 2775 prior
1632 2705 1660 2759 ia
1677 2701 1757 2758 illam
1778 2701 1849 2774 topi·

990 2790 1051 2847 dem
1064 2793 1178 2855 mittut:
1194 2794 1231 2850 ab
1249 2794 1299 2850 illo
1322 2811 1352 2850 se
1375 2794 1512 2867 sperabat
1533 2793 1724 2867 puniendam,
1744 2791 1848 2865 inquo

991 2884 1143 2952 peecatum
1157 2880 1281 2939 inveniri
1294 2899 1351 2940 uon
1368 2887 1492 2955 poterat.
1509 2883 1559 2939 llle
1572 2886 1669 2939 antem
1681 2880 1730 2954 qui
1742 2881 1849 2938 adrer-

992 2968 1086 3026 sarius
1104 2970 1169 3040 eJus
1183 2969 1328 3043 repulerat
1344 2971 1444 3045 lingna
1463 2972 1595 3044 iustitie,
1621 2971 1721 3029 levans
1737 2971 1767 3028 in
1781 2987 1847 3029 erm

992 3059 1093 3116 oeulos
1116 3060 1362 3129 mansuetudinis,
1396 3062 1585 3133 interrogarit
1608 3077 1696 3118 eam:
1722 3062 1804 3118 Nemo
1823 3065 1850 3119 te
1957 3082 1963 3090 ·

991 3151 1205 3207 condemnarit?
1220 3150 1459 3222 iiasponditilia:
1477 3153 1603 3221 Durriae,
1623 3166 1712 3209 nemo.
1729 3151 1763 3208 iit
1777 3150 1825 3208 ille
1842 3167 1850 3205 ε

993 3239 1046 3297 ileo
1060 3239 1387 3309 caeterorummetum
1401 3256 1461 3313 qun
1476 3246 1503 3297 to
1514 3243 1585 3297 iorin
1594 3240 1728 3298 damnari
1744 3240 1847 3298 timui-

993 3329 1042 3394 sti,
1058 3329 1127 3400 qnia
1143 3329 1173 3386 in
1190 3345 1235 3386 mo
1257 3337 1407 3403 peceatum
1434 3347 1491 3386 noa
1520 3329 1668 3387 invenisti.
1688 3329 1748 3400 ,iles
1761 3345 1808 3402 epo
1822 3338 1849 3387 te

993 3419 1143 3476 domnolo.
1160 3417 1235 3482 Ouid
1259 3422 1312 3484 est,
1330 3418 1481 3477 Domino?
1502 3420 1592 3476 Feres
1613 3434 1681 3491 ergo
1697 3419 1850 3489 peceatisi

992 3506 1054 3563 lion
1071 3506 1156 3577 plano
1172 3506 1220 3563 ita.
1237 3508 1363 3565 nitendo
1378 3510 1453 3581 quod
1477 3506 1633 3581 sequitur:
1662 3506 1742 3572 Vnde,
1766 3504 1849 3563 dein·

992 3611 1053 3668 ceps
1063 3597 1125 3667 jorn
1136 3596 1195 3653 troii
1202 3611 1328 3669 peccare.
1345 3597 1419 3669 lirgo
1430 3601 1459 3654 ct
1471 3597 1614 3654 Dominus
1626 3595 1788 3666 damnarit,
1799 3596 1848 3652 aed

993 3690 1156 3758 peecatum,
1172 3702 1229 3743 non
1248 3686 1409 3743 hominem.
1425 3687 1498 3743 Nam
1517 3687 1543 3744 si
1558 3690 1742 3759 peecatorum
1759 3685 1852 3742 iautor

993 3781 1079 3843 ossei,
1091 3777 1209 3849 diceret,
1223 3778 1279 3834 Nec
1288 3793 1341 3851 ego
1356 3785 1383 3835 te
1401 3778 1544 3835 damnabo
1557 3793 1564 3845 ;
1576 3778 1658 3844 vade,
1669 3776 1730 3833 vive
1741 3779 1773 3832 ut
1788 3775 1850 3832 vis:

994 3869 1029 3924 dc
1045 3883 1109 3924 mea
1119 3866 1291 3925 liberatione
1307 3873 1370 3926 esto
1381 3884 1484 3926 secura
1496 3888 1503 3937 3
1514 3884 1567 3942 ego
1577 3870 1850 3941 quantumcumque

997 3957 1169 4029 peccaveris,
1185 3965 1212 4014 te
1222 3958 1258 4015 ab
1272 3958 1352 4014 omni
1368 3976 1453 4030 penna
1463 3958 1551 4016 etiam
1562 3958 1704 4032 gehenne
1717 3960 1747 4014 et
1760 3955 1853 4013 inter·

998 4047 1026 4103 ni
1043 4046 1200 4104 tortoribus
1214 4047 1354 4105 liberabo.
1371 4048 1434 4105 Non
1450 4048 1505 4106 boo
1525 4048 1610 4106 dixit.

1032 4136 1059 4192 7.
1075 4138 1234 4194 intendant
1248 4154 1317 4211 ergo
1330 4137 1492 4211 quiamani
1502 4138 1531 4195 in
1542 4137 1667 4195 Domino
1682 4138 1853 4192 mansuetn-

997 4228 1094 4284 dinem
1109 4232 1138 4283 et
1154 4230 1273 4285 timeant
1288 4228 1446 4286 veritatem.
1470 4228 1582 4286 Etenim
1606 4226 1696 4283 duleis
1719 4237 1745 4282 er
1767 4232 1853 4281 rectus

996 4321 1125 4375 iiominus
1140 4321 1225 4392 (Prot.
1241 4335 1317 4387 μιν,
1329 4321 1366 4392 8).
1383 4323 1471 4376 Amas
1494 4320 1570 4390 quod
1596 4316 1761 4382 dulcisoni,
1782 4314 1854 4371 time

994 4412 1071 4483 quod
1087 4416 1183 4466 rectus
1196 4415 1250 4466 est.
1267 4410 1419 4482 'tanquam
1445 4412 1617 4466 mansuetus
1638 4406 1722 4471 dixit.
1743 4407 1856 4467 imore

994 4500 1045 4555 sed
1065 4503 1206 4571 tanquam
1225 4498 1336 4569 justus,
1366 4497 1505 4569 Numquid
1527 4512 1635 4568 seraper
1657 4495 1749 4552 toreio
1774 4493 1852 4566 (isui.

994 4604 1061 4656 xan,
1078 4588 1185 4655 it,sec.
1198 4586 1308 4659 iiiiii
1327 4589 1484 4645 Misericors
1504 4590 1529 4645 et
1543 4589 1690 4645 muerotor
1709 4584 1855 4642 iiomiass.

996 4679 1036 4734 iia
1051 4675 1147 4750 plane.
1159 4674 1262 4732 Adbuc
1291 4676 1377 4745 adde,
1401 4677 1589 4748 lonpnnr'mis:
1612 4676 1708 4735 adhue
1723 4675 1807 4741 adde,
1824 4679 1857 4730 et

996 4768 1114 4824 muitum
1126 4765 1281 4825 eriserirors
1294 4782 1304 4825 .·
1319 4768 1370 4824 sed
1387 4767 1457 4827 time
1472 4769 1548 4842 quod
1571 4772 1614 4827 est
1628 4768 1659 4826 in
1684 4766 1854 4831 novissimo.

84 4853 249 4924 custodem,
280 4857 331 4912 sed
357 4854 487 4911 nondum
515 4854 701 4911 intellexistis
725 4855 940 4928 legislatorem.
995 4856 1223 4929 eiceroeit’snl.
1244 4870 1343 4925 cxxxv,
1372 4856 1425 4932 ¹5l·
1442 4860 1521 4926 Quos
1545 4857 1623 4916 enim
1647 4858 1734 4916 modo
1758 4852 1852 4912 susti-

84 4944 161 5015 naid
171 4943 579 5017 robisatindsignilioat,eum
592 4944 682 5017 digito
693 4945 796 5002 scribit
806 4946 834 5003 in
846 4948 941 5005 terrai
998 4951 1047 5005 net
1061 4952 1222 5021 peccantes,
1236 4948 1423 5021 judicaturus
1442 4953 1487 5007 est
1509 4951 1737 5006 contemnentes.
1757 4944 1800 5001 dn
1813 4941 1858 4999 di·

85 5033 184 5110 negiu
198 5034 278 5092 enim
293 5032 343 5091 Dei
359 5033 415 5090 Lex
438 5034 549 5106 scripta
563 5042 606 5092 est
622 5052 630 5102 ς
646 5034 697 5091 sed
722 5041 841 5108 propter
855 5039 944 5094 duros
997 5039 1080 5095 citios
1090 5039 1311 5110 importunitatis
1322 5043 1348 5097 et
1363 5040 1585 5097 connsuetuitnr's
1602 5039 1661 5111 ejus
1690 5031 1853 5101 contemnis,

84 5123 676 5202 inlepideseriptnestillxodaxar,18).
705 5125 788 5184 Nunc
808 5128 871 5198 jam
888 5129 942 5186 ilo·
998 5131 1201 5202 iquorunsquia
1215 5131 1352 5202 patientia
1367 5131 1415 5187 iiei
1429 5130 1702 5202 odpoeniientiomte
1722 5124 1859 5185 addiscit?

85 5217 185 5274 mines
196 5216 228 5273 in
243 5215 485 5287 terramribebai,
496 5215 566 5289 quia
577 5217 703 5272 trucium
716 5218 872 5288 querebat.
889 5222 944 5276 rin·
1000 5222 1037 5276 iu
1051 5226 1148 5277 aretem
1162 5221 1313 5278 seeundum
1323 5219 1457 5276 duritiam
1472 5220 1562 5277 cordis
1577 5219 1620 5275 tui
1632 5224 1657 5275 st
1667 5234 1712 5275 cor
1730 5218 1861 5291 impreci-

83 5308 172 5367 diatis
185 5324 265 5381 ergo,
286 5306 444 5381 impleatur
459 5308 527 5378 Lex,
551 5306 698 5380 lapidetur
716 5306 847 5366 adnitere
863 5329 870 5366 :
893 5310 942 5368 sed
999 5320 1068 5379 teus,
1084 5312 1254 5369 tliesourizos
1267 5312 1319 5367 itit
1334 5310 1444 5367 iromin
1458 5309 1501 5367 die
1512 5311 1596 5365 noer
1607 5308 1861 5383 revelationtsjvsti

85 5397 231 5472 numquid
241 5397 272 5456 ln
282 5397 333 5454 illa
342 5397 501 5471 punienda,
514 5400 571 5459 Lex
581 5400 730 5473 implenda
742 5406 809 5458 esta
819 5402 944 5473 punien·
996 5402 1094 5476 judicii
1108 5403 1166 5468 liri,
1186 5403 1233 5473 qui
1246 5400 1341 5457 reddet
1367 5402 1516 5474 unicuique
1543 5399 1692 5459 secusdum
1709 5417 1794 5475 opere
1808 5417 1859 5459 suo

85 5489 157 5547 dist
169 5488 341 5547 consideret
355 5493 743 5567 seunuequisqnevestrurn‚
755 5492 843 5550 intret
856 5492 884 5549 in
896 5510 945 5550 se·
1000 5494 1088 5562 (Rom.
1107 5508 1137 5557 rr,
1152 5492 1222 5560 iu).
1239 5492 1406 5549 iicnsuetus
1431 5491 1584 5563 Dominus,
1606 5492 1784 5567 longanimis
1798 5496 1858 5551 iio·

88 5578 261 5652 metipsum,
277 5580 415 5637 ascendat
434 5579 561 5639 tribunal
576 5582 682 5640 mentis
696 5598 766 5652 sne,
786 5584 947 5641 constituat

89 5682 124 5727 as
143 5672 211 5729 ante
231 5667 440 5729 conscientiam
463 5686 545 5731 snam
568 5675 653 5745 cogat
675 5688 704 5730 se
725 5671 866 5730 ooniiteri.
886 5672 948 5730 Soli
1035 5678 1336 5745 ttpudssr.,qntsn·s.
1367 5680 1401 5730 ti.
