3952 6150
93 166 175 227 rtat-
758 165 940 229 tacentis
962 164 1164 225 expositio.
1734 164 1806 223 attii

130 292 175 347 te.
192 287 239 346 lin
252 287 330 347 torte
346 302 410 349 non
423 292 469 348 ast
481 289 629 351 diunius
643 293 846 353 canscientia
857 304 926 366 pea-
989 290 1093 350 divina
1110 291 1251 351 destinae
1265 290 1424 366 probatum
1440 294 1530 365 atque
1544 291 1711 359 laudatum,
1723 288 1808 362 igno·

91 392 174 445 cars,
187 376 241 452 qui
253 382 411 451 pecodum
426 379 527 453 ipsum
538 384 653 441 malurn
663 384 829 448 essenovit,
845 388 872 440 et
883 388 925 440 ta·
978 380 1404 439 rasseailirmentvoiuniatem
1412 380 1660 448 Deicumalisnes
1668 379 1806 452 conjugis

92 467 924 546 mcaDeumvoluntatcmqueejusignoranspecoattiioc
978 469 1805 544 amoreperculsus‚etiammariiumejusdecipiendum

92 556 174 613 enim
184 555 501 616 videturadiiebrteos
513 559 798 628 dicere,cumdicit:
815 562 923 619 Volun-
977 559 1209 632 necandumque
1222 558 1354 616 curavit:
1371 559 1408 615 de
1423 574 1484 632 quo
1496 569 1598 616 tamen
1609 557 1718 614 sceiere
1733 571 1803 612 cum

92 646 170 704 tarie
188 644 268 703 enim
282 647 468 717 peccantibus
483 649 567 707 nobis
579 654 736 722 postqum
754 653 922 722 accepimus
976 653 1055 705 esset
1069 649 1166 722 primo
1181 664 1245 714 sua,
1256 648 1365 705 deiude
1380 648 1532 721 propheta
1546 646 1801 712 socedamnatus,

92 733 248 792 ammaum
258 735 404 799 ueritatis,
418 752 479 794 non
492 737 593 796 adbuc
602 741 783 812 relinquitur
791 756 845 810 pro
856 754 922 809 pec·
976 737 1140 810 poenitendi
1153 737 1330 804 bumilitate,
1354 742 1383 794 et
1396 738 1509 811 peccati
1525 736 1711 794 confessione
1730 735 1801 791 iibe-

91 825 166 882 catis
180 824 480 898 sacrificiumiiiebr.
491 843 520 893 a,
533 829 589 899 ic).
603 831 712 885 Parum
723 829 882 894 animarat,
896 827 921 885 si
974 830 1058 883 ratus
1068 831 1121 883 est.
1137 825 1289 899 Sedpiane
1303 825 1556 899 vapulavitmuila
1566 825 1678 896 (illico.
1687 824 1798 896 xr,xn),

90 912 430 982 tantummododiceret,
445 914 620 975 Voluntaria
627 917 920 992 peccantibusnobis,
975 914 1572 988 ctexcmplosuodocuitintelligi‚nonad
1585 912 1799 986 sempiternam

90 1001 149 1059 nisi
157 1000 293 1071 adderet,
305 1007 638 1076 postquamaccepimue
647 1008 800 1065 scuntiam
812 1008 920 1065 verita·
973 1019 1106 1076 poenam,
1122 1003 1174 1061 sati
1189 1004 1228 1061 ad
1246 1004 1425 1061 severiorem
1446 1002 1636 1075 disciplinam
1652 1000 1798 1073 perliniti

90 1090 128 1148 tis
142 1113 154 1157 ,-
169 1091 200 1147 in
212 1105 274 1164 qua
288 1090 392 1163 utiquc
410 1094 489 1150 Deus
503 1093 700 1169 voluntasque
715 1096 779 1167 ejus
794 1112 920 1169 cognos·
973 1089 1647 1165 quoddictumeSlaDomino,Ouiautemnoot't
1660 1090 1797 1147 volunta·

91 1179 177 1237 citur.
192 1180 262 1242 Quas
274 1180 396 1237 scientia
406 1181 522 1239 videtur
533 1198 698 1253 congruere
711 1183 918 1243 domiuicaeilli
974 1187 1029 1238 tem
1055 1182 1173 1238 Domini
1196 1182 1252 1247 sui,
1273 1188 1300 1239 et
1310 1181 1383 1252 [ecit
1399 1181 1490 1252 eliqua
1513 1180 1623 1252 piaqis,
1642 1177 1797 1249 vapulabit

91 1269 254 1336 secuntias,
269 1285 339 1326 cum
355 1270 396 1328 ait
420 1288 427 1326 :
443 1270 552 1329 Seruus
573 1274 717 1344 iquorans
733 1274 917 1332 voluntatem
972 1271 1076 1328 muita.

88 1357 627 1433 dominisui,elfaciensdiqaaplapis,
640 1363 918 1435 vapulabitpauca,·
1009 1359 1050 1416 lii.
1067 1363 1142 1417 Nam
1157 1364 1186 1417 et
1200 1358 1273 1416 iliud
1287 1357 1328 1416 ad
1337 1357 1475 1416 liebrseos
1485 1358 1538 1432 qui
1549 1357 1720 1431 diligentius
1733 1370 1798 1428 per-

87 1449 582 1508 seruusaulemsciensooluntatem
589 1451 916 1524 consentanietfocieos
971 1452 1106 1516 tractant,
1124 1447 1150 1505 si
1165 1447 1341 1520 intelligunt,
1355 1451 1387 1504 ut
1402 1463 1463 1503 non
1478 1446 1515 1503 de
1528 1445 1673 1503 sacrificio
1688 1444 1798 1501 contri-

87 1536 183 1608 slipna
198 1537 309 1609 plapis,
326 1538 481 1609 vapulabit
492 1541 586 1598 multa
604 1542 740 1613 (Lucan,
751 1543 793 1607 it,
808 1542 863 1612 te).
882 1543 916 1600 Ut
970 1537 1064 1595 bulati
1076 1537 1338 1611 perpoenitentium
1350 1536 1448 1594 cordis
1458 1533 1700 1609 accipiendnmsi
1712 1531 1796 1606 quod

87 1623 147 1681 hoc
160 1625 424 1697 putemusdictum
440 1627 608 1700 esse,quod
620 1629 733 1686 dictum
753 1633 806 1697 est,
823 1644 916 1700 oopu-
969 1627 1151 1693 dictumest,
1175 1627 1244 1683 Non
1267 1626 1368 1684 adbuc
1380 1641 1437 1696 pro
1464 1624 1593 1695 pcccatis
1612 1621 1796 1695 relinquitur

88 1713 162 1772 iabit
174 1729 285 1784 pauca,
295 1719 440 1788 tanquam
450 1717 476 1772 si
489 1716 609 1784 diceret,
623 1717 740 1775 innitere
756 1720 915 1777 mandatus
968 1717 1150 1787 sacrificium
1163 1732 1177 1783 ,·
1190 1715 1243 1805 sed
1260 1715 1298 1772 de
1313 1714 1459 1772 sacrificio
1470 1713 1507 1771 de
1520 1729 1582 1787 qno
1600 1718 1670 1769 tunc
1684 1711 1793 1785 loque·

85 1803 257 1861 adveniam
272 1804 429 1878 pertinebit
442 1824 449 1875 ;
465 1805 495 1862 in
510 1822 546 1863 eo
561 1822 631 1864 vero
643 1808 724 1880 quod
740 1807 914 1875 dictumest,
967 1805 1056 1864 batur
1065 1804 1234 1878 Apostolus,
1252 1804 1348 1870 idest,
1364 1803 1540 1860 holocausto
1556 1801 1714 1859 Dominicis
1725 1816 1794 1874 pas·

85 1892 244 1961 vapulabit
259 1893 367 1958 mulla,
383 1894 600 1967 sempiternum
611 1895 794 1970 supplicium
810 1898 913 1955 intelli·

85 1988 184 2053 gatar,
196 1981 278 2054 quod
292 1982 422 2040 minatur
431 1984 626 2055 peccantibus
633 1985 662 2041 in
678 1986 819 2059 Spiritum
829 2002 914 2045 sanc·

85 2068 910 2148 tam‚quibusdiciinunquampossedimittipeccatum:

81 2163 115 2215 ut
135 2158 194 2217 boc
218 2159 254 2215 sit
280 2174 403 2231 peccare
417 2161 448 2217 in
464 2162 609 2235 Spiritum
626 2168 776 2231 sanctum,
793 2166 914 2239 cognita

81 2246 134 2304 Dei
140 2246 295 2305 voluntate
309 2265 442 2322 peccaro.
451 2250 537 2318 Quod
550 2252 574 2307 si
587 2251 817 2324 itaesi,oogitari
826 2271 914 2329 opor·

81 2339 124 2393 tot
137 2339 166 2393 st
183 2337 291 2395 discuti
306 2338 390 2412 prius
413 2340 538 2412 quando
560 2347 760 2411 cognoscatur
774 2342 913 2403 voluntas

81 2425 144 2483 Dei.
171 2426 310 2484 Nonnulli
337 2427 463 2485 enimet
486 2434 553 2487 ante
571 2436 745 2504 perceptum
766 2431 913 2507 Baptismi

80 2519 305 2572 sacramentnm
320 2524 527 2587 cognoverunt
537 2534 614 2575 eam.
628 2522 703 2577 liam
718 2524 745 2577 ei
760 2522 912 2579 Cornelius

80 2603 218 2660 centurio
230 2603 412 2662 voluntatem
428 2606 480 2663 Dei
495 2607 596 2680 utique
609 2609 746 2682 apostolo
761 2612 844 2667 Petro
860 2611 913 2670 do·

81 2696 166 2749 cente
180 2694 331 2764 cognovit,
351 2700 380 2751 et
393 2694 495 2768 ipsum
509 2696 652 2769 Spiritum
668 2703 806 2755 sanctum
817 2702 912 2759 mani·

966 1895 1068 1963 sionis,
1082 1894 1164 1969 quod
1178 1910 1214 1952 eo
1227 1900 1361 1967 tempore
1373 1891 1459 1950 offert
1473 1891 1601 1965 quisquc
1615 1906 1670 1963 pro
1689 1904 1793 1963 pecca-

967 1984 1004 2041 tis
1019 1985 1091 2052 sais,
1107 2000 1169 2057 quo
1184 1983 1319 2056 ejusdem
1339 1982 1488 2056 passionis
1505 1980 1564 2037 lide
1583 1979 1747 2044 dedicatur,
1764 1980 1793 2036 ei

966 2073 1202 2131 Christianorum
1216 2071 1351 2129 fidelium
1370 2072 1487 2128 nomine
1501 2069 1670 2143 baptizatus
1684 2067 1793 2125 imbui·

967 2166 1014 2220 tur
1034 2179 1040 2219 :
1067 2169 1099 2219 nt
1118 2163 1176 2220 hoc
1203 2161 1413 2234 significaverit
1436 2158 1608 2233 Apostolus,
1624 2173 1685 2216 non
1701 2173 1792 2230 posse

966 2253 1109 2325 deinceps
1122 2269 1191 2310 eum
1217 2252 1269 2327 qui
1290 2248 1463 2324 peccaverit,
1487 2250 1594 2306 iterum
1613 2247 1793 2321 baptizanda

967 2342 1098 2415 purgari.
1111 2344 1172 2409 Quo
1187 2339 1402 2398 intellectnnon
1414 2333 1793 2409 intercluditurpoenitendi

964 2430 1049 2490 locus
1065 2432 1125 2489 :ita
1137 2445 1221 2495 sane,
1236 2433 1267 2487 ut
1281 2445 1333 2485 eos
1346 2428 1399 2501 qui
1412 2426 1549 2485 nondum
1560 2424 1701 2499 baptizati
1712 2428 1791 2492 sunt,

965 2520 1102 2576 nondum
1117 2518 1237 2592 plenam
1253 2517 1407 2575 scientiam
1428 2516 1558 2573 veritatis
1577 2514 1729 2586 accepisse
1749 2513 1793 2571 ia·

965 2613 1091 2666 beamur.
1106 2610 1147 2665 Ex
1165 2622 1227 2680 quo
1239 2606 1397 2664 coniicitur
1411 2609 1443 2662 ut
1456 2605 1555 2662 omnis
1569 2604 1621 2677 qni
1635 2602 1792 2660 scientiam

966 2698 1094 2756 veritatis
1106 2696 1232 2769 accepit,
1246 2697 1336 2753 etiam
1345 2693 1515 2768 baptizatus
1524 2691 1714 2763 intelligatur.
1729 2693 1791 2747 Non

79 2778 248 2838 lectissimis
264 2784 510 2842 coattestantibus
522 2785 626 2856 signis,
638 2790 803 2859 antequam
817 2789 912 2862 bapti·
965 2792 1066 2845 autem
1079 2787 1179 2844 omnis
1198 2785 1364 2859 baptizatus
1379 2783 1469 2841 etiam
1491 2781 1645 2839 scientiam
1660 2780 1792 2838 veritatis

78 2873 208 2937 seretur,
222 2871 337 2945 accepit
350 2888 358 2926 ι
372 2889 550 2946 quanquam
565 2889 626 2931 non
636 2874 912 2938 ideo'sacramcnta
964 2875 1089 2947 accepit,
1104 2871 1438 2948 propterquorumdam
1454 2870 1652 2945 posteriorum
1668 2884 1792 2942 provec-

78 2957 131 3016 iila
139 2960 362 3034 contempserit,
377 2960 429 3018 sed
444 2961 539 3019 multo
556 2962 664 3019 certius
678 2963 908 3040 baptizatussit;
964 2969 1027 3021 tum
1040 2964 1087 3021 vei
1100 2962 1303 3020 miserabilem
1314 2960 1526 3032 negligentiam
1541 2976 1547 3013 :
1564 2962 1593 3016 et
1605 2963 1705 3016 tamen
1718 2957 1792 3016 iliud

81 3052 113 3104 ut
128 3047 221 3106 etiam
237 3048 304 3124 ipsa
319 3057 512 3108 sacrosancta
534 3051 699 3124 signacula,
716 3069 848 3127 quorum
862 3070 909 3112 res
962 3053 1142 3110 sacrificium
1156 3051 1194 3108 de
1207 3067 1268 3124 quo
1275 3049 1465 3123 loquebatur,
1479 3047 1510 3105 id
1518 3053 1573 3117 est,
1580 3048 1790 3121 holocaustum

80 3136 110 3193 in
126 3144 377 3210 eoprsecesserat,
391 3139 429 3196 ad
440 3140 654 3213 perficiendam
667 3142 822 3200 scientiam
834 3145 909 3203 veri·
962 3140 1091 3207 Domini,
1106 3140 1189 3215 quod
1213 3145 1283 3197 tunc
1299 3155 1354 3212 pro
1369 3153 1553 3212 unoquoque
1577 3136 1698 3194 otiertur
1718 3152 1791 3210 quo·

80 3225 395 3300 talispercipercnullo
407 3228 497 3286 modo
511 3235 679 3287 moraretur
689 3231 817 3305 (Acta).
829 3232 909 3291 liniti
948 3229 1138 3301 dammodo,
1150 3245 1219 3287 cum
1230 3229 1294 3301 ejus
1307 3227 1430 3287 nomine
1443 3227 1474 3282 in
1489 3225 1672 3300 baptizando
1688 3227 1790 3297 signa·

79 3319 181 3371 autem
201 3330 256 3373 nec
271 3321 339 3388 post
358 3320 515 3391 acceptum
532 3317 717 3391 baptismum
733 3325 840 3378 curant
860 3338 909 3379 co·
961 3326 1019 3388 tur,
1043 3321 1149 3377 iterum
1165 3319 1189 3374 si
1204 3318 1382 3392 peccaverit,
1398 3314 1498 3373 offerri
1513 3330 1575 3372 non
1591 3317 1698 3388 potest.
1724 3314 1789 3371 Non

78 3403 415 3473 gnoscereroiuntatem
428 3406 826 3483 Deiouapropterquisquis
838 3415 907 3469 ante
960 3410 1040 3467 enirn
1057 3413 1183 3482 possunt
1197 3408 1297 3464 denuo
1313 3403 1456 3479 baptizari
1471 3403 1524 3476 qui
1539 3401 1632 3459 semei
1646 3401 1787 3474 baptizati

76 3491 267 3565 Baptismum
282 3493 402 3566 cognita
419 3496 469 3552 Dei
484 3496 639 3553 voluntate
655 3499 832 3570 peccaverit,
846 3513 907 3557 non
951 3502 1039 3581 sunt,
1054 3497 1194 3572 quamvis
1204 3497 1295 3554 etiam
1306 3500 1373 3568 post
1387 3493 1575 3565 Baptismum
1587 3490 1791 3565 perignoran·

77 3595 242 3653 possumus
255 3582 364 3650 dicere,
385 3589 436 3641 aui
457 3584 624 3643 ullomodo
647 3586 767 3644 credero
787 3603 855 3646 cum
868 3589 909 3647 ad
961 3589 1033 3645 tiam
1049 3587 1179 3644 veritatis
1199 3583 1397 3659 peccaverint.
1414 3582 1457 3640 ita
1471 3581 1505 3639 fit
1519 3584 1550 3638 ui
1564 3580 1709 3656 quoniam
1724 3579 1789 3638 sine

77 3668 444 3742 Baptismnmaccesserit,
461 3673 562 3730 nonai
582 3672 688 3733 dimitti
702 3677 806 3734 omnia
828 3693 909 3751 quae·
961 3676 1113 3750 baptismo
1135 3690 1224 3732 nemo
1239 3677 1316 3731 recte
1340 3672 1448 3729 dicitur
1468 3670 1621 3744 accepisse
1634 3668 1789 3727 scientiam

77 3761 361 3833 cumquepeccavit,
375 3763 435 3818 iluc
451 3762 564 3819 accedit
575 3763 657 3837 quod
673 3763 909 3824 voluntasDeiin
960 3765 1101 3833 veritatis,
1116 3763 1213 3821 omnis
1225 3762 1278 3837 qui
1290 3760 1489 3836 aceepiteam‚
1500 3757 1596 3817 nonei
1606 3758 1789 3831 relinquatur

76 3844 231 3918 diligendo
246 3848 306 3905 Deo
321 3853 350 3907 et
364 3850 504 3922 proximo
517 3850 646 3909 brevitor
660 3852 828 3912 insinuatur
848 3870 909 3913 era
960 3854 1154 3928 propeccatis
1169 3850 1426 3919 sacrificium,hoc
1438 3853 1492 3916 est,
1506 3864 1566 3906 non
1580 3849 1677 3921 possit
1688 3847 1789 3905 denuo

77 3933 231 4004 dentibus,
245 3937 286 3995 ita
301 3943 332 3995 ut
347 3938 377 3994 in
395 3938 441 3995 his
455 3939 575 3997 duobus
597 3943 755 4016 praecptis
772 3947 835 4001 tota
850 3945 909 4003 Lex
961 3943 1105 4016 baptizari
1121 3957 1128 3997 ε
1146 3957 1200 3999 nec
1215 3946 1315 3999 tamen
1334 3939 1433 3997 omnis
1456 3938 1508 4012 qui
1528 3952 1589 3995 non
1605 3936 1722 4009 accepit
1735 3950 1789 4010 per

76 4024 218 4098 pendeat,
232 4031 260 4083 et
274 4042 380 4084 omnes
395 4028 549 4101 Prophetes
566 4030 686 4102 (blattis.
707 4047 776 4099 xru,
802 4033 910 4106 37-40).
960 4032 1128 4090 doctrinam
1136 4026 1692 4097 scientiamvsriiatis‚debeatarbitrari
1700 4040 1788 4099 posse

74 4112 268 4173 Dilectionem
281 4123 382 4174 autem
393 4117 533 4190 proximi,
544 4118 638 4186 idest,
659 4119 908 4180 ditectionembo-
961 4137 1016 4195 pro
1027 4136 1058 4179 se
1070 4121 1142 4178 illud
1151 4120 1251 4178 offerri
1262 4117 1455 4186 sacrificium,
1467 4117 1562 4190 sijum
1573 4116 1709 4174 oblatum
1722 4119 1786 4183 esi3

77 4202 168 4259 minis
176 4218 273 4278 usque
284 4205 322 4262 ad
330 4206 439 4263 inimici
447 4206 648 4274 dilectionem,
662 4209 752 4266 nobis
764 4212 908 4269 Dominus
959 4211 991 4267 id
1006 4214 1059 4282 est,
1071 4210 1096 4266 si
1108 4211 1172 4283 jam
1186 4208 1461 4282 ejusdemverilalis
1476 4221 1529 4279 per
1545 4206 1729 4279 baptismum
1740 4219 1788 4261 sa·

75 4290 143 4364 ipse
157 4293 351 4351 commendat
366 4295 485 4367 (Multis.
497 4313 526 4364 v,
538 4299 602 4369 iii:
617 4301 647 4354 ei
658 4298 797 4356 videmus
812 4315 907 4373 quam
960 4304 1114 4358 aramenta
1133 4299 1275 4374 percepit,
1302 4313 1363 4355 non
1383 4300 1480 4370 potest
1503 4295 1611 4352 iterum
1630 4292 1785 4364 baptizari.

74 4380 161 4437 multi
177 4381 241 4454 J‘am
255 4382 407 4456 baptizati,
423 4391 450 4440 et
462 4400 532 4443 vera
544 4401 615 4443 asse
631 4386 688 4444 ista
705 4386 863 4455 fateantur,
878 4393 907 4448 et
958 4390 1113 4463 Tanquam
1125 4390 1150 4446 si
1163 4388 1331 4446 diceremus
1343 4401 1465 4444 omnem
1480 4383 1636 4441 hominem
1649 4396 1710 4439 non
1721 4395 1786 4439 esse

74 4472 223 4545 tanquam
239 4473 356 4529 Domini
371 4478 522 4552 praecepie
542 4481 725 4533 renes-untur
740 4493 748 4545 ;
770 4493 838 4534 cum
854 4494 906 4536 au·
959 4476 1269 4551 quadrupedem.non
1281 4475 1349 4532 ideo
1362 4480 1462 4531 tamen
1478 4487 1569 4529 omne
1581 4469 1693 4528 animai
1703 4470 1785 4542 quod

72 4563 134 4616 tem
154 4559 274 4634 perpesi
293 4560 402 4618 luerint
425 4562 553 4636 alicujus
579 4563 762 4634 inimicitias,
781 4566 839 4624 ista
861 4584 906 4627 ra·
958 4566 1051 4623 bomo
1064 4570 1186 4632 nonest,
1202 4562 1472 4636 etiamquadrupes
1485 4575 1563 4618 esse.
1578 4558 1783 4632 Eusenimqni

73 4648 198 4721 piuntur
212 4649 315 4707 animo
329 4649 369 4707 ad
389 4650 608 4722 ulciscendum,
625 4657 654 4710 et
669 4655 758 4712 tantis
772 4655 906 4714 inardos·
956 4654 1021 4725 iam
1043 4654 1181 4727 baptizati
1197 4652 1314 4717 luerint,
1333 4650 1429 4707 curari
1455 4648 1560 4706 meiius
1580 4647 1709 4705 dicimus
1732 4660 1786 4720 per

71 4741 147 4793 cunt
172 4735 289 4794 lacibus
303 4738 452 4806 adiorum,
476 4744 508 4797 ui
526 4755 582 4797 neo
603 4741 719 4815 prolato
733 4748 764 4801 et
782 4745 905 4804 recitato
958 4742 1242 4815 poenitentiam,non
1258 4739 1409 4808 renovari3
1425 4739 1497 4813 quia
1507 4737 1661 4796 renovatio
1671 4738 1785 4811 inBap-

72 4825 236 4897 Evangelio
250 4826 362 4900 placari
385 4829 520 4901 possint:
542 4836 570 4887 et
594 4830 704 4887 talibus
727 4832 904 4891 bominibus
958 4832 1048 4888 lismo
1062 4835 1115 4887 est.
1132 4830 1187 4888 Ubi
1196 4829 1468 4905 quidemaperatur
1480 4827 1711 4903 poebiteatiased
1722 4832 1786 4884 tan-

70 4914 136 4986 jam
155 4914 293 4974 bsuzatis
313 4917 451 4974 Ecclesia
469 4918 566 4992 plena
590 4925 679 4987 sunt;
704 4936 782 4995 quos
806 4927 904 4981 tanen
956 4919 1301 4994 quaminiundamenlo.
1313 4919 1558 4991 llanenieiiaque
1573 4917 1781 4981 fundamento,

72 5003 244 5076 spirituales
261 5005 314 5062 viri
329 5005 457 5064 fraterne
472 5006 636 5065 admonere
653 5025 714 5066 nou
729 5016 860 5076 cessant,
875 5016 905 5070 et
955 5011 1086 5067 recurari
1099 5009 1256 5067 edificium
1266 5013 1363 5082 potest
1378 5008 1420 5066 :si
1432 5013 1534 5066 autem
1549 5007 1782 5064 tundamentum

71 5092 103 5149 in
118 5092 227 5166 spiritu
242 5093 680 5157 lenitatisinstanterinstruunt
695 5100 901 5172 (Gaial.v1,i),
955 5099 1062 5157 iterare
1074 5099 1388 5172 quisvoiuerit,totum
1401 5098 1564 5155 {editicium
1577 5095 1784 5152 subvertatne·

73 5188 105 5239 ut
119 5182 295 5255 hujusmodi
318 5184 531 5242 tentationibus
546 5200 700 5244 occurrere
716 5203 750 5244 ac
766 5190 902 5248 resistere
955 5204 1036 5244 cesse
1051 5193 1104 5245 est.
1121 5190 1278 5261 Propterea
1287 5188 1346 5245 hoc
1361 5188 1431 5245 dicit
1441 5186 1579 5250 iiebroeis,
1591 5185 1643 5258 qui
1653 5199 1689 5240 aa
1703 5198 1783 5241 novo

68 5271 168 5344 parati
185 5270 256 5336 sint,
274 5278 303 5330 et
317 5273 415 5345 magis
439 5272 564 5345 diligant
590 5276 619 5331 in
642 5275 747 5333 Christi
770 5292 845 5349 pace
858 5293 902 5336 re·
954 5279 1141 5333 Testamenta
1156 5277 1195 5334 ad
1211 5277 1409 5334 sacerdotium
1424 5280 1509 5332 vetus
1524 5272 1692 5331 declinasse
1703 5272 1784 5330 vide-

70 5374 176 5431 gnare,
190 5375 283 5433 quam
299 5361 337 5418 de
348 5362 462 5420 inimici
479 5364 676 5436 oppressione
691 5364 794 5424 lateri.
815 5366 902 5433 Quod
954 5366 1085 5423 bantur:
1102 5365 1230 5440 ideoque
1246 5365 1435 5431 remittentes,
1455 5363 1560 5437 inquit,
1580 5361 1657 5418 initii
1672 5360 1784 5420 Gisisti

69 5449 200 5507 inaniter
212 5448 303 5517 lieret,
324 5452 348 5507 si
361 5450 465 5509 talium
475 5458 664 5525 peecatorum
677 5454 761 5512 nulia
774 5470 901 5527 spesve·
954 5455 1086 5523 uerbum,
1103 5456 1134 5512 in
1147 5456 1429 5512 consummationem
1441 5451 1645 5523 respiciamus,
1662 5450 1782 5510 nouite-

67 5537 139 5606 nias,
154 5537 424 5614 nuliapoeniteatios
439 5541 588 5600 medicina
599 5545 901 5605 remaneretiitaerts
953 5560 1021 5604 rum
1035 5544 1178 5616 jacientes
1187 5543 1419 5614 fundamentum
1430 5542 1612 5612 penitentis
1626 5541 1781 5600 amortuis

69 5631 198 5687 caveam
220 5630 272 5702 qui
287 5628 345 5687 boc
369 5631 500 5689 sentiunt
513 5646 551 5689 ne
577 5631 672 5689 David
698 5633 900 5707 patriarcham
952 5634 1099 5707 operibus,
1107 5629 1780 5706 asprumacumaaoaoiaocsrtumtmpositt-
