3952 6150
127 348 221 411 losa.
604 352 645 414 lu
668 351 830 416 nostrils
851 354 1125 433 nvannblwtt,
1147 356 1181 420 S.
1203 354 1413 420 annuerint
1815 366 1897 429 15³2

126 482 267 552 sauciato,
281 484 458 543 stabularios
472 486 548 543 duos
567 502 703 545 nummos
717 488 828 560 accepit
842 490 918 548 uode
933 507 981 548 so·
1034 491 1162 550 alienum
1177 492 1298 550 omuino
1312 509 1329 549 s
1343 492 1401 550 Deo
1415 492 1538 551 videndo
1554 510 1617 553 esse
1626 496 1777 556 arbitreris
1789 516 1797 557 ε
1814 501 1886 559 licus

127 587 246 636 nasetur
271 578 347 650 (Luc.
363 595 393 646 x,
407 579 453 651 35)
468 594 476 636 :
504 578 608 636 merito
632 583 709 654 opud
725 581 923 639 Samaritanus
939 583 983 638 bi·
1034 585 1140 656 inquit,
1155 584 1277 641 charitas
1290 590 1331 640 est
1346 604 1356 652 3
1372 587 1396 641 et
1410 586 1458 657 pai
1474 594 1567 642 munel
1581 588 1611 642 iu
1629 587 1772 660 charitate,
1793 590 1825 647 iss
1846 561 1899 651 0σῦ

126 667 216 724 duum
233 670 300 726 lecit
313 669 408 738 lesus,
425 679 453 726 ul
468 686 518 728 sos
533 671 673 727 charitate
689 672 817 727 llrmaret
833 675 923 743 (loon.
942 690 982 745 ιν,
1033 678 1126 729 munet
1141 675 1163 746 (Ι
1179 675 1260 731 loon.
1279 691 1315 740 rs,
1331 675 1384 747 10).
1404 674 1498 748 Dilige
1513 691 1579 747 ergo
1596 678 1761 749 proximam
1779 696 1787 737 :
1807 695 1836 738 et
1851 685 1901 739 in-

125 758 308 830 40).Biosrio
324 776 392 832 ergo
416 760 471 817 isto
496 778 619 818 numero
643 779 708 818 oum
725 761 834 834 aliquid
861 764 928 819 lrooi
942 764 981 819 si·
1034 766 1113 817 tuere
1137 763 1167 819 in
1183 768 1211 818 te
1227 765 1303 820 unde
1326 762 1425 835 diligis
1440 765 1629 836 proximum3
1651 767 1692 824 ibi
1717 768 1842 837 videbis,
1859 777 1893 828 ut

123 846 279 918 gnillcalur
293 850 417 906 maxims
441 850 579 922 bipartita
598 852 727 908 charites
747 854 980 908 commendatur.
1033 851 1152 923 poteris,
1169 853 1269 909 beorn.
1284 853 1776 928 Incipeergodlligereproximum.
1789 864 1901 932 Franpe

123 934 152 990 si
166 952 233 1007 ergo
248 938 497 1010 quadragenarius
513 955 651 996 numeros
672 939 761 996 babet
775 941 981 1012 perfectionem
1032 943 1165 997 esurienti
1178 958 1276 1014 punem
1287 947 1374 1007 tuum,
1390 945 1416 997 et
1426 958 1542 1014 specum
1556 946 1618 1003 sins
1632 951 1702 1004 tscts
1717 949 1802 1006 irruas
1812 952 1840 1006 in
1853 953 1902 1009 do-

60 1098 63 1103 *
123 1022 208 1097 Legis
221 1032 250 1082 et
265 1025 322 1083 Lex
348 1043 403 1082 non
428 1026 567 1099 impletur
590 1027 647 1085 nisi
663 1028 691 1082 in
707 1027 822 1100 gemino
839 1034 982 1101 precepto
1032 1045 1110 1085 raum
1123 1039 1223 1087 tuum:
1237 1033 1263 1087 si
1281 1030 1381 1087 nuens
1395 1031 1512 1100 nudum,
1528 1036 1607 1104 cesti,
1626 1043 1653 1092 et
1676 1036 1837 1096 dementes
1851 1055 1899 1097 se·

124 1112 275 1171 charitatis
289 1133 297 1183 3
313 1115 383 1186 qnid
399 1115 516 1172 miraris
531 1115 600 1187 quin
621 1116 777 1190 languebat
792 1116 841 1190 qui
858 1117 894 1173 nd
909 1133 981 1190 qus·
1033 1122 1121 1177 urinis
1136 1120 1395 1193 tuinedespseeris.
1408 1122 1635 1181 Facieossotem
1645 1126 1702 1184 isla
1712 1128 1782 1200 quid
1794 1144 1898 1188 conse·

125 1202 267 1277 draginta,
284 1205 340 1263 dno
356 1207 455 1263 minus
471 1206 627 1264 babebat?
1033 1212 1130 1283 queris
1140 1212 1154 1268 l
1164 1213 1235 1269 Tunc
1243 1219 1368 1284 erumpet
1379 1213 1452 1270 uelut
1460 1215 1599 1272 matutina
1610 1216 1661 1273 luc
1669 1225 1717 1274 tue
1725 1218 1803 1291 (lsai.
1815 1236 1897 1279 nurrt·

159 1296 186 1350 t.
216 1293 367 1353 Videamus
392 1296 512 1366 proinde
535 1296 599 1366 jam
629 1312 687 1368 quo
716 1303 897 1356 sacramento
927 1298 983 1356 isle
1032 1302 1061 1369 7,
1076 1301 1113 1373 8).
1129 1306 1188 1359 box
1202 1307 1252 1359 tus
1267 1302 1343 1359 Deus
1362 1310 1430 1360 tous
1445 1306 1498 1373 est,
1517 1305 1570 1362 tibi
1582 1309 1730 1377 matulina,
1745 1309 1894 1384 quiaposl

34 1412 38 1417 ·
123 1384 277 1457 lnoguldos
292 1387 588 1445 cureturuDomloo.
608 1386 694 1443 Venit
707 1388 785 1444 euim
805 1388 868 1461 ipse
883 1388 983 1446 Domi·
1034 1392 1149 1446 uoulem
1165 1389 1330 1446 seculitibi
1354 1389 1469 1447 reniet:
1487 1407 1554 1448 unm
1575 1393 1693 1451 illenao
1716 1396 1820 1466 oritur,
1843 1414 1898 1457 oen

124 1494 191 1546 uus,
207 1477 473 1544 cbaritntisdoctor,
484 1478 623 1535 charitate
630 1478 742 1551 plenus,
756 1479 894 1547 brevians,
906 1480 983 1537 siout
1033 1479 1139 1537 oceidit
1155 1498 1162 1550 3
1178 1482 1373 1553 quissemper
1387 1485 1497 1540 manet.
1511 1482 1573 1540 llrit
1584 1485 1636 1541 libl
1648 1486 1815 1546 matutinus
1825 1490 1897 1546 red-

122 1567 158 1623 de
171 1566 222 1625 illo
237 1567 406 1638 praedictum
422 1571 475 1636 est,
502 1566 613 1625 uerbum
627 1584 710 1641 super
734 1575 839 1627 terrum
853 1572 933 1641 (lsai.
949 1585 978 1636 x,
1033 1573 1124 1640 couti,
1140 1571 1190 1643 qui
1204 1573 1257 1628 tibi
1281 1588 1417 1630 eoeneum
1434 1573 1542 1631 lecerat
1565 1576 1707 1647 pereunti.
1725 1577 1808 1651 llrgo,
1824 1581 1899 1638 Tolle

121 1655 168 1725 23,
182 1661 210 1714 st
222 1673 321 1725 xxrnx,
345 1657 404 1727 223
432 1658 509 1715 Rom.
524 1675 566 1725 rx,
581 1657 627 1730 28)
644 1672 651 1716 :
672 1661 701 1716 et
716 1661 844 1717 ostendit
864 1662 894 1718 io
909 1662 982 1719 doo-
1033 1662 1182 1733 probatum
1203 1669 1293 1733 turum,
1317 1661 1390 1719 mibi
1413 1663 1529 1721 videtur
1551 1665 1669 1735 dixisse,
1686 1664 1782 1742 Dilige
1801 1671 1898 1741 proxi·

122 1744 179 1802 bus
193 1746 344 1819 preceptis
355 1745 506 1804 eharitatis
516 1748 643 1820 pendere
655 1749 757 1822 Legem
773 1749 981 1822 etPropbelas.
1034 1767 1116 1809 mum
1134 1756 1231 1811 tuum.

122 1837 193 1894 Inde
210 1853 280 1910 ergo
300 1839 438 1911 pependit
452 1838 566 1912 Moyses
581 1841 816 1913 quadragenario
831 1858 896 1911 suo,
914 1842 983 1901 iude
1067 1842 1095 1897 0.
1111 1842 1167 1899 Sed
1182 1842 1317 1900 oleosum
1337 1847 1382 1899 est
1396 1843 1501 1913 adbuc,
1516 1846 1546 1901 st
1568 1846 1751 1917 expositione
1769 1847 1899 1923 indiget,

123 1925 200 1984 utin
213 1943 280 1984 oum
305 1945 370 1997 suo,
382 1929 460 1986 bunc
483 1945 639 1987 numerum
665 1931 764 1989 attulit
794 1932 934 1991 Dominus
949 1933 980 1993 lu
1034 1936 1175 1996 quantun
1191 1933 1327 1999 arbitror,
1344 1948 1435 2004 quere
1450 1933 1479 1989 io
1499 1933 1628 1992 tollendo
1642 1938 1766 2008 grebslo
1780 1937 1898 1998 dileetio

123 2015 291 2075 testimonio
315 2036 379 2077 suo.
403 2020 528 2077 Curatur
550 2020 606 2077 iste
620 2019 778 2093 languidus
803 2038 819 2078 a
842 2028 984 2096 prasente
1040 2022 1165 2094 proximi
1181 2024 1422 2080 commendetur:
1439 2023 1493 2080 nisi
1517 2023 1590 2081 torte
1612 2025 1669 2083 hoc
1686 2042 1739 2083 uos
1764 2027 1896 2091 ellsodit,

122 2107 264 2177 Domiou3
282 2110 331 2166 sed
344 2108 425 2181 prins
440 2110 509 2182 quid
521 2107 547 2166 ei
563 2108 656 2166 dioit‘l
671 2109 716 2166 l'is
730 2126 812 2167 sunus
822 2112 884 2183 fieri
898 2112 915 2168 Ρ
931 2113 984 2170 lte·
1040 2101 1121 2175 (1¹¹0d
1136 2105 1898 2177 0118010110111,1111101111οᾱ1111110111111110111181111·

123 2197 243 2271 aporuit
257 2197 307 2254 nte
321 2197 471 2256 nominem
488 2215 519 2255 ss
534 2214 592 2256 non
608 2198 759 2267 taberna
780 2215 836 2272 quo
852 2200 881 2256 in
899 2201 985 2272 pisct-
1039 2198 1144 2264 satum,
1161 2196 1311 2268 proximus
1325 2196 1557 2253 commendatur·
1570 2200 1632 2255 non
1649 2197 1790 2255 irascatur
1804 2200 1899 2272 uroxi-

128 2302 197 2343 nam
222 2286 363 2344 mittatur.
387 2287 460 2344 Vere
483 2288 668 2345 necessarius
691 2294 754 2345 eret
778 2289 820 2345 illi
845 2288 933 2348 bomo
947 2292 983 2348 sd
1040 2301 1117 2357 mus,
1133 2287 1157 2342 si
1174 2285 1492 2343 commendaturuobis
1508 2302 1629 2359 perram
1646 2288 1783 2359 qussiue
1797 2291 1898 2347 aalma

126 2376 289 2446 unitatem,
305 2377 357 2435 sed
372 2378 459 2435 bomo
475 2377 523 2435 ille
538 2378 589 2451 qul
604 2382 633 2434 et
647 2377 724 2436 Deus
739 2383 792 2435 ost.
817 2381 892 2437 ilaus
910 2383 985 2437 enim
1039 2380 1068 2432 et
1082 2375 1145 2433 sioe
1160 2392 1248 2433 sensu
1263 2384 1316 2433 est.
1331 2376 1396 2448 lpse
1410 2377 1553 2434 Dominus
1567 2385 1596 2434 et
1610 2377 1735 2436 salvator
1746 2384 1844 2438 nester
1854 2384 1898 2438 Je-

127 2467 207 2541 bsns,
221 2484 294 2525 usus
311 2477 337 2526 st
349 2469 485 2527 mediator
499 2471 548 2527 Des·
561 2475 589 2527 et
602 2464 756 2537 hominum,
771 2470 851 2529 temo
861 2473 986 2531 clusuras
1039 2481 1092 2523 sus
1110 2465 1245 2524 Christus
1259 2465 1335 2538 lupis
1349 2466 1499 2539 augularis
1515 2466 1674 2535 diclusest,
1690 2476 1721 2525 nt
1734 2466 1810 2527 does
1825 2484 1899 2527 euu-

124 2559 204 2615 lssas
218 2561 240 2630 (l
255 2559 322 2616 Tim.
338 2575 369 2631 n,
393 2560 433 2631 5).
457 2560 544 2617 Venit
559 2577 626 2634 ergo
642 2562 729 2618 bomo
744 2562 868 2634 quierat
882 2579 986 2621 neces·
1039 2556 1120 2613 deret
1130 2557 1159 2613 io
1176 2574 1208 2614 se
1222 2555 1330 2629 (splen.
1345 2573 1377 2625 u,
1390 2557 1492 2627 1020).
1505 2558 1607 2616 Dictus
1617 2563 1663 2617 est
1675 2563 1705 2616 et
1715 2564 1806 2630 petra,
1822 2562 1901 2619 unde

123 2651 218 2708 sarius
229 2640 342 2724 tonare
357 2654 468 2707 sanitas
480 2651 670 2708 differretur?
684 2652 781 2723 Surge,
795 2653 902 2724 lnquit,
917 2655 986 2712 tolle
1039 2662 1116 2719 11111111
1131 2646 1268 2719 profluxit
1284 2665 1290 2704 :
1307 2648 1390 2703 Petra
1399 2651 1491 2704 (11111111
1502 2651 1561 2705 ml
1576 2648 1702 2706 cbristus
1712 2649 1735 2722 (l
1747 2649 1808 2707 ⁶⁰7·
1819 2667 1847 2716 ¹.
1860 2650 1899 2720 l).

123 2738 275 2811 grabatum
294 2743 383 2807 lauru,
407 2745 434 2797 st
456 2741 578 2797 ambulo.
594 2741 663 2798 Tria
687 2741 770 2809 dixit,
794 2741 892 2814 Surge,
920 2744 987 2800 tolla
1039 2736 1113 2804 Quid
1130 2752 1196 2807 ergo
1214 2737 1331 2806 mirum,
1355 2737 1378 2793 si
1405 2737 1490 2795 Petra
1504 2737 1647 2808 Christus,
1672 2738 1785 2810 liguum
1800 2740 1898 2813 proxi-

124 2829 270 2900 prubotum
290 2839 378 2897 tuum,
401 2835 428 2888 el
451 2831 574 2887 ourlrulu.
599 2831 653 2887 Sed
673 2830 772 2902 Surge,
802 2848 858 2889 uon
887 2834 984 2905 operis
1040 2825 1901 2901 mustNoulamsuqonlecumquelignum:quomodooso

124 2917 280 2993 imparium
305 2920 369 2987 luit,
395 2920 446 2977 sed
470 2921 600 2993 operatio
628 2920 774 2977 nouitatis.
789 2920 866 2979 Seno
885 2928 983 2980 aulem
1039 2915 1317 2988 11110011110111110110
1328 2922 1416 2989 01111,
1429 2918 1480 2974 ⁸0d
1494 2919 1570 2975 11111111
1583 2919 1899 2991 1101101011111811111·

125 3006 184 3064 duo
198 3006 361 3082 imperavit,
373 3008 448 3065 Tolle
458 3009 602 3081 prolatum
625 3014 715 3075 tuum,
728 3012 754 3065 et
767 3011 890 3067 ambulo.
906 3012 984 3085 ltogo
1038 3003 1177 3062 lieotibus
1189 3022 1198 3076 3
1209 3020 1261 3062 nec
1273 3005 1496 3077 qualiscumque
1506 3004 1590 3078 lupis,
1602 3007 1651 3064 ssd
1668 3007 1828 3080 angelerio,
1845 3007 1899 3081 qul

126 3114 188 3167 vos,
202 3114 256 3156 cur
279 3116 338 3156 uon
362 3100 519 3170 sulllceret,
535 3099 679 3156 antula?
701 3104 753 3155 aut
767 3104 844 3157 certe
859 3118 910 3158 cur
925 3120 983 3160 ooo
1038 3094 1068 3151 in
1087 3095 1245 3168 semetipso
1271 3094 1416 3167 eopuluvlt
1440 3096 1515 3153 duos
1538 3097 1664 3169 parieles
1688 3099 1830 3155 ediverso
1848 3113 1902 3156 ve-

124 3188 282 3256 neramen,
297 3189 412 3262 sarpa
435 3188 534 3263 Neque
557 3189 634 3247 enim
650 3188 699 3245 itta
724 3205 791 3246 cum
807 3206 899 3248 ,anus
914 3209 984 3248 gur.
1039 3183 1160 3242 oisotes.
1177 3184 1224 3242 Sic
1239 3200 1293 3243 uec
1308 3183 1522 3258 qualecumque
1536 3184 1835 3260 lignumproximum
1850 3203 1900 3244 nc·

124 3278 294 3347 rexisset,io
306 3278 368 3335 loeo
379 3279 577 3337 remansisset.
588 3278 691 3335 Nonae
701 3279 736 3336 ad
750 3279 803 3336 boc
813 3281 984 3341 surrexisset
1038 3273 1160 3346 ceperis,
1174 3276 1225 3332 sed
1236 3276 1401 3347 grabatum.
1412 3274 1486 3337 Ouid
1501 3291 1572 3348 ergo
1586 3277 1616 3332 iu
1628 3277 1759 3349 grabato,
1774 3278 1901 3335 obsecro

125 3370 158 3425 ol
170 3367 313 3425 abiisset?
328 3368 423 3426 Monet
437 3385 506 3442 ergo
517 3384 562 3425 me
572 3368 659 3425 etism
676 3370 752 3440 qood
764 3370 821 3426 duo
836 3373 982 3444 precepit,
1037 3368 1066 3421 le
1079 3366 1094 3422 t
1107 3365 1190 3437 quid,
1202 3366 1258 3423 uisi
1270 3363 1395 3438 quiaille
1404 3365 1562 3438 languidus
1571 3367 1691 3439 grabato
1705 3368 1901 3440 portabatur?

124 3458 175 3531 qni
190 3456 275 3515 illurn
290 3459 433 3531 jacentem
449 3460 565 3517 duobus
582 3458 679 3516 minus
695 3459 805 3515 invenit
820 3475 828 3516 r
844 3465 983 3534 tanquam
1038 3457 1132 3514 Sanus
1146 3461 1241 3514 aulem
1256 3459 1409 3528 grabatum
1431 3461 1537 3529 portet.
1563 3456 1635 3526 Quid
1661 3459 1771 3516 dictum
1791 3466 1837 3516 est
1862 3459 1900 3516 ab

125 3545 268 3605 coimduo
279 3548 561 3621 quaednmjubeodo,
573 3549 758 3621 quodminus
769 3549 981 3622 ernlimplevit.
1039 3546 1174 3618 Apostolo
1188 3546 1203 3603 ‘l
1217 3545 1423 3604 lttoicemouero
1438 3552 1533 3605 uestra
1545 3552 1663 3619 portate,
1674 3548 1750 3605 etsie
1760 3547 1900 3619 adimple·

159 3638 188 3696 8.
202 3638 351 3705 Quomodo
366 3637 625 3711 ergoluseuiumus
640 3637 983 3698 iobisduobusllomini
1038 3636 1102 3695 bitis
1128 3637 1213 3709 legem
1241 3636 1347 3694 obsisti
1370 3636 1473 3709 (dolet.
1496 3653 1535 3707 vr,
1563 3637 1603 3710 2).
1624 3637 1681 3695 Lex
1703 3654 1770 3709 ergo
1790 3638 1900 3696 Christi

118 3728 224 3803 jussis,
240 3731 296 3788 duo
306 3728 357 3787 ills
372 3734 515 3804 precepta
526 3730 690 3804 slgoiltcntn
709 3727 878 3788 eharitatis?
896 3731 983 3803 Tulle,
1037 3726 1165 3784 chorites
1175 3732 1228 3796 est,
1244 3741 1297 3784 osc
1308 3725 1435 3783 ebaritas
1451 3725 1590 3798 impletur
1601 3727 1658 3783 uisi
1668 3726 1793 3784 invicem
1807 3743 1899 3787 onera

122 3818 231 3893 iuquit,
245 3820 394 3891 probolam
407 3824 497 3891 tuum,
514 3821 673 3878 duminio.
690 3822 756 3888 Qus
775 3826 847 3878 sunt
860 3821 910 3879 illa
924 3823 982 3879 duo
1038 3821 1139 3874 nostra
1151 3821 1311 3890 portemus.
1326 3815 1502 3888 statuentes,
1518 3815 1624 3888 11101111,
1640 3816 1760 3874 invicem
1773 3818 1805 3873 ill
1822 3816 1898 3877 dilt-

123 3918 276 3984 prsscspte,
299 3912 414 3983 iratres,
430 3911 548 3969 recolite
574 3928 699 3970 meeum.
722 3914 884 3973 Notissima
903 3913 982 3972 enim
1037 3909 1135 3975 cliens,
1146 3906 1402 3965 studentesseruore
1410 3906 1545 3964 onustum
1555 3908 1669 3980 spiritus
1686 3907 1717 3964 in
1729 3909 1840 3967 uinculo
1846 3928 1900 3982 pu·

124 4016 186 4058 esse
200 4001 314 4070 debent,
331 4017 383 4059 ueo
397 4002 482 4059 modo
492 4006 604 4058 lantum
619 4004 717 4060 uenire
727 4003 756 4060 iu
774 4008 901 4062 mentem
916 4018 982 4060 cum
1036 4001 1076 4058 cis
1089 3999 1199 4074 (pres.
1214 4014 1254 4069 lv,
1269 4000 1296 4060 2.
1313 3997 1353 4069 3).
1379 3998 1451 4056 Cum
1466 4012 1545 4055 esses
1569 3998 1737 4070 languidus,
1759 4001 1900 4073 portabat

125 4096 422 4149 commemorantura
434 4092 526 4160 nobis,
539 4093 589 4149 sed
601 4093 691 4149 deleri
705 4109 860 4166 numquam
876 4093 984 4151 debeat
1036 4096 1064 4149 te
1079 4090 1229 4163 proximos
1244 4093 1328 4155 luus3
1353 4105 1446 4146 sauus
1459 4088 1553 4147 luctus
1568 4104 1610 4161 es,
1632 4094 1716 4161 perta
1730 4090 1902 4163 proximum

126 4181 161 4238 de
176 4183 314 4240 cordibus
330 4182 443 4240 vestris.
455 4183 576 4255 Semper
590 4182 710 4240 omniuo
722 4185 846 4256 cogitate
861 4182 983 4257 diligen·
1037 4191 1120 4241 tuum
1136 4195 1145 4240 t
1160 4179 1282 4239 luciosus
1292 4197 1377 4240 «ruera
1387 4186 1478 4238 uestra
1488 4185 1609 4254 portate,
1618 4185 1647 4239 et
1661 4182 1701 4238 sie
1710 4180 1902 4255 adimplebitis

125 4273 197 4330 dum
213 4290 278 4332 esse
293 4274 384 4332 Deum
396 4279 424 4331 st
439 4273 622 4346 proximum:
637 4275 722 4331 Deum
733 4291 770 4332 ec
781 4280 836 4333 telo
847 4272 936 4344 corde,
948 4290 983 4332 sc
1038 4271 1125 4340 leuem
1141 4269 1255 4331 utenti.
1271 4270 1317 4327 Sic
1332 4268 1518 4342 adimplebis,
1534 4287 1551 4327 o
1565 4270 1665 4339 bomo,
1682 4270 1760 4344 quod
1777 4271 1830 4328 libi
1846 4273 1900 4329 de·

121 4368 180 4423 tolo
193 4365 301 4435 animo,
316 4369 385 4423 elec
398 4367 571 4428 tetamento:
582 4369 610 4421 et
624 4366 782 4437 proximum
798 4372 931 4438 tunquam
942 4380 983 4423 ss-
1036 4371 1109 4424 erat.
1126 4366 1273 4437 Tollesrpe
1286 4362 1430 4436 psalmum
1445 4372 1534 4422 tuum.
1553 4363 1609 4420 Sed
1624 4379 1692 4420 cum
1707 4362 1820 4435 tuleris,
1836 4365 1899 4422 noli

122 4454 223 4527 ipsum.
239 4456 304 4514 Haec
319 4471 434 4527 semper
457 4455 621 4528 cogitanda,
632 4449 703 4513 'beo
727 4455 905 4527 meditanda,
921 4456 982 4514 beo
1037 4453 1326 4516 remanereumbulu.
1337 4450 1490 4524 Diligeudo
1501 4452 1680 4524 proximum,
1692 4455 1722 4509 et
1736 4468 1836 4509 curem
1848 4451 1902 4510 be·

123 4546 284 4617 retinenda,
300 4546 361 4603 hnc
386 4545 508 4617 egendo,
525 4543 587 4600 baeo
605 4543 754 4616 implendo
768 4550 848 4605 sont.
864 4545 915 4602 Del
937 4545 982 4602 di·
1037 4543 1131 4601 beudo
1146 4545 1182 4600 de
1202 4541 1333 4615 proxlmo
1358 4544 1419 4610 tuo,
1434 4539 1490 4599 iter
1512 4544 1587 4613 agis.
1602 4541 1664 4607 Quo
1680 4541 1735 4597 iter
1749 4541 1825 4613 egis,
1841 4540 1900 4597 nisi

123 4631 209 4689 lectio
223 4635 302 4706 prior
323 4638 368 4691 est
386 4634 487 4691 ordios
511 4632 695 4705 precipieudi
712 4650 720 4703 3
748 4633 981 4707 proximitatem
1036 4637 1072 4695 ad
1087 4637 1245 4697 Dominum
1261 4638 1366 4701 Deum,
1381 4633 1417 4691 sd
1432 4649 1499 4691 eum
1515 4649 1603 4705 quem
1619 4633 1739 4703 diligere
1753 4631 1900 4690 debemus

57 4748 60 4753 ·
125 4722 981 4800 dilectiopriorestordineleniendiNequeeuimquilibl
1035 4744 1070 4786 ex
1084 4731 1144 4785 toto
1158 4725 1254 4793 corde,
1270 4738 1304 4783 ex
1327 4727 1390 4781 toln
1404 4723 1515 4790 anima,
1530 4738 1564 4780 ex
1577 4727 1637 4781 tots
1651 4719 1830 4779 meotelrld
1846 4720 1903 4779 Do·

126 4815 293 4890 praclperst
316 4816 499 4874 dilectionem
523 4818 608 4876 istam
634 4818 664 4875 io
689 4819 804 4877 duobos
820 4824 980 4893 preceptis,
1037 4818 1149 4875 minum
1164 4815 1241 4873 euim
1254 4813 1384 4873 noudum
1396 4813 1591 4887 pervenimus,
1603 4813 1653 4871 sed
1665 4812 1831 4885 proximum
1843 4827 1898 4870 oo·

123 4907 205 4980 prins
220 4907 274 4964 tibi
290 4908 507 4964 commendaret
521 4907 697 4979 proximum,
715 4912 744 4965 et
755 4913 855 4981 postea
868 4908 959 4966 Qum
972 4928 980 4980 3
1035 4905 1313 4966 biscumhabemus.
1324 4907 1412 4961 Porta
1427 4919 1494 4976 ergo
1505 4919 1661 4976 eum,cum
1672 4901 1900 4980 quoambulas;

123 4998 173 5054 sed
191 4998 271 5069 prius
296 5001 397 5063 Deum,
419 5001 519 5069 postea
534 4997 719 5068 proximum·
733 5000 774 5053 Tu
800 5001 897 5054 sutem
912 4997 981 5071 quia
1036 5004 1069 5057 at
1097 4999 1132 5055 ad
1157 5012 1225 5055 sum
1255 4995 1420 5070 pervenias,
1435 5010 1502 5053 oum
1525 5011 1583 5067 quo
1599 5009 1719 5053 manere
1733 4993 1899 5051 desideras.

121 5087 213 5145 Deum
234 5088 365 5145 nondum
394 5087 484 5155 vides,
507 5086 655 5159 diligendo
682 5086 846 5158 proximum
862 5102 981 5160 prome·
1037 5090 1112 5151 Tulle
1127 5106 1195 5163 ergo
1208 5090 1453 5162 probatumtuum,
1468 5093 1495 5144 et
1508 5088 1633 5146 ambulo.

122 5179 195 5235 rerls
211 5195 300 5252 quem
313 5179 431 5247 videas3
447 5176 596 5251 diligendo
611 5176 776 5247 proxlmom
790 5188 981 5248 purgusoco·
1071 5182 1114 5237 10.
1131 5181 1207 5239 Fecit
1221 5181 1277 5238 boc
1295 5179 1355 5248 ille,
1371 5183 1400 5236 et
1425 5179 1616 5237 scandalizati
1634 5182 1706 5236 suot
1719 5175 1823 5235 ludui.
1840 5175 1898 5233 vt-

122 5264 184 5322 loro
209 5268 245 5324 ad
261 5270 418 5325 ridendum
434 5266 537 5334 Deum,
562 5264 710 5322 evidenter
723 5265 836 5322 lonuoo
854 5266 979 5337 dicento,
1035 5270 1142 5328 debant
1162 5269 1241 5327 euim
1257 5268 1404 5326 bominem
1419 5269 1466 5325 die
1481 5269 1597 5326 sabboti
1613 5273 1775 5339 portantem
1790 5267 1900 5339 grang.

124 5353 154 5409 Sa·
167 5356 268 5424 patens
282 5374 361 5429 quens
374 5357 448 5415 uides
460 5373 518 5413 non
530 5356 636 5428 dillpr's,
649 5355 732 5412 Deum
745 5371 827 5427 quem
841 5369 895 5411 nea
906 5356 981 5412 uides
1034 5366 1096 5419 tum
1112 5375 1212 5429 auum,
1224 5376 1276 5417 nee
1291 5358 1553 5416 calumniabantur
1564 5357 1687 5416 Domino
1696 5359 1773 5430 quod
1786 5373 1898 5414 sanum

124 5444 261 5516 quomode
275 5447 388 5518 ditipsre
401 5447 627 5521 polementona.
643 5462 681 5516 ru,
697 5445 745 5519 20)
758 5444 772 5501 l
788 5445 859 5502 Ecce
874 5445 981 5502 dicitur
1033 5466 1100 5507 eum
1117 5450 1223 5507 lecerat
1237 5447 1370 5517 sabbalo,
1386 5452 1419 5504 ut
1432 5451 1476 5504 eis
1486 5449 1662 5520 respondere
1674 5451 1774 5519 posset
1788 5447 1861 5518 quia
1871 5445 1899 5503 sl

123 5532 187 5599 tibi,
199 5532 292 5605 Dilige
306 5535 409 5593 Deum.
425 5538 457 5594 Sl
471 5540 551 5595 diens
567 5537 650 5605 mibi,
665 5536 792 5594 Ostende
805 5534 879 5592 mibi
893 5552 980 5606 quem
1034 5540 1209 5611 cuiusquam
1234 5554 1336 5596 eorum
1355 5539 1524 5609 iumentum
1541 5538 1572 5594 io
1587 5542 1707 5611 pulsum
1727 5536 1899 5608 cecidisset,

122 5622 242 5698 drlrgam
254 5639 262 5694 3
272 5624 344 5697 quid
360 5627 549 5699 respondebo,
562 5629 617 5685 nisi
628 5629 705 5701 qued
716 5627 757 5686 uit
766 5627 979 5702 ipselouuoee,
1035 5628 1193 5702 utiquedle
1206 5628 1319 5687 sabbati
1328 5628 1535 5700 erueretillud,
1548 5630 1578 5688 et
1588 5626 1898 5701 salssxelJomsotum

120 5716 208 5777 boum
230 5730 311 5777 senso
333 5715 407 5775 nato
427 5732 549 5792 usqum
571 5716 661 5790 (teus.
684 5733 707 5789 r,
739 5717 813 5790 lb)t
835 5716 929 5776 lltus
953 5723 982 5781 ts
1035 5733 1123 5780 soum
1136 5716 1215 5792 (Luc,
1230 5734 1289 5792 xrs,
1302 5717 1355 5792 blo
1369 5734 1429 5779 ooo
1452 5717 1552 5793 itaque
1569 5718 1633 5792 lam
1656 5716 1701 5777 illi
1715 5716 1909 5795 oblloisbsag¹
