3952 6150
706 180 1207 251 ar1srannaooeaarae,s.
1225 150 1417 243 accusent
1848 163 1917 241 int

210 179 281 237 elle

243 309 288 363 td.
305 304 361 382 [lb.
379 321 416 372 ιι,
429 310 463 378 ι].
477 305 552 364 Nihil
563 311 662 365 autem
673 306 715 364 sic
727 308 831 380 probat
849 306 1035 381 spiritualem
1087 309 1189 382 rigore
1202 310 1233 366 in
1248 307 1397 368 medullas
1411 307 1594 380 penetrante,
1608 304 1794 364 sanctisunt
1811 318 1820 360 ι
1838 302 1918 377 qood

203 393 313 462 virum,
331 411 426 469 qnam
441 396 557 467 peccati
571 396 660 454 alieni
683 397 829 464 tractatio,
848 412 918 454 cum
930 396 1036 454 libera·
1087 398 1253 470 nonfieret,
1264 399 1289 455 si
1309 411 1427 469 semper
1441 397 1686 469 exspectaremus
1697 392 1918 468 periclitantem

204 484 317 541 tionem
327 484 392 556 ejus
404 486 501 558 potius
516 501 609 559 quam
623 483 860 552 insultationem,
875 485 1036 559 potiusque
1089 487 1327 560 putrescentibus
1345 484 1498 554 membris,
1512 483 1637 557 quando
1651 498 1724 540 eum
1743 482 1854 540 liberet
1871 486 1918 540 ant

204 573 316 631 auxilia
326 589 419 646 quam
432 574 569 631 convicia
578 573 1038 648 meditatur,etquantumiecul·
1088 576 1134 633 uri
1148 577 1311 635 eutsecarl.
1324 573 1410 642 Quod
1423 589 1478 631 nec
1491 572 1550 646 ipsi
1560 572 1695 646 corporis
1706 570 1819 629 medici
1832 574 1919 628 etmo-

205 663 254 718 tas
269 661 408 718 tribuitur
422 663 554 735 suscipit.
579 665 613 719 lit
627 663 695 720 ideo
721 663 809 721 dicit:
836 665 962 731 Fratres,
986 662 1037 719 etri
1088 665 1173 733 dunt,
1189 666 1241 739 qui
1256 670 1379 722 terrenae
1387 662 1535 720 mercedis
1549 661 1659 718 intuitu
1669 665 1790 719 curant.
1806 661 1919 727 Quotus

203 757 406 823 maeaaupatus
426 753 514 823 taerd
538 753 613 809 tomo
642 753 672 808 ia
691 753 781 826 aliquo
801 754 908 819 delicta,
928 770 972 810 aas
989 754 1038 826 qui
1087 754 1302 828 animquisque
1310 753 1463 826 reperitur,
1471 749 1918 825 quilerrnmeorumautignem

205 839 361 911 spirituales
372 842 445 906 estes,
471 842 601 898 instruite
622 842 784 914 tujsumadi.
802 842 914 899 Deinde
927 857 965 900 ne
980 841 1036 899 sibi
1089 858 1150 900 non
1160 841 1456 914 ligatusexpertnssit
1468 840 1561 896 icum
1572 842 1601 895 et
1609 837 1650 894 illi
1660 839 1794 895 rariores
1805 836 1920 910 sintqui

205 928 638 999 quisquevideaturiustruere,
650 931 817 988 etiamcum
830 937 1038 1004 proterveere·
1089 931 1222 989 volentes
1236 931 1319 1002 ligati
1339 930 1457 986 luerint.
1474 928 1577 984 Plures
1597 927 1679 984 enim
1694 925 1881 993 resistentes,
1895 929 1920 982 et

206 1016 279 1086 gitat
292 1016 452 1092 irridetque
473 1024 661 1093 peccantem,
683 1027 734 1077 aut
749 1020 878 1093 superbe
892 1025 1037 1092 tauquam
1090 1022 1165 1078 mori
1179 1036 1210 1076 se
1226 1019 1314 1078 malle
1329 1019 1505 1084 clamantes,
1518 1032 1612 1091 quam
1626 1015 1678 1073 illo
1698 1015 1803 1072 curari
1819 1013 1917 1080 modo,

205 1104 406 1163 insanabilem
419 1108 594 1175 detestatur,
607 1110 638 1165 ia
651 1111 765 1182 spiritu,
787 1109 894 1182 inquit,
914 1124 1039 1164 mamae·
1090 1111 1138 1167 vix
1151 1109 1254 1183 lingua
1268 1109 1447 1182 ipsaeorum
1456 1104 1822 1163 relictaliberaomnibus
1834 1119 1921 1162 mem·

208 1193 322 1260 tadiais,
336 1196 477 1253 intendens
486 1198 611 1270 teipsum,
623 1206 690 1256 acet
698 1198 855 1256 retentaris.
872 1197 948 1254 Nihil
957 1198 1038 1253 enim
1089 1199 1152 1256 bris
1166 1198 1404 1255 constrinxerunt
1423 1215 1432 1269 ;
1448 1210 1546 1269 neque
1572 1194 1611 1253 ad
1629 1209 1731 1260 suum,
1758 1208 1861 1267 neque
1883 1192 1919 1249 ad

206 1282 246 1340 ad
262 1283 495 1344 misericordiam
510 1287 552 1343 sic
567 1288 700 1354 inclinat,
718 1304 813 1361 quam
828 1287 940 1361 proprii
962 1286 1039 1358 peri·
1089 1287 1272 1353 reluctantis,
1288 1287 1341 1343 sed
1351 1286 1391 1342 ad
1402 1285 1495 1358 ipsius
1511 1283 1581 1341 artis
1594 1282 1774 1340 arbitrium:
1791 1297 1919 1354 quorum

206 1372 266 1428 culi
279 1373 430 1444 cogitatio.
442 1379 483 1432 lla
495 1391 547 1432 eos
562 1392 616 1432 nec
627 1377 732 1433 deesse
741 1377 833 1434 voluit
844 1376 1043 1433 iratrumcor·
1090 1381 1191 1435 tamen
1202 1372 1707 1448 vocibusconviciisquedolentium
1720 1386 1919 1428 neccommo·

207 1462 345 1533 reptioni,
356 1464 710 1522 necetudereeertamini.
725 1465 1039 1523 ilullienimhomines
1089 1471 1176 1523 vetur
1189 1465 1461 1529 curantisanimus,
1483 1478 1538 1520 nec
1557 1461 1683 1536 quiescit
1694 1477 1823 1519 manue.
1840 1458 1921 1517 iledi-

207 1565 304 1608 cuma
320 1554 610 1622 somnoexcitantur‚
622 1553 737 1626 litigare
748 1555 850 1612 solunt
861 1571 867 1622 ;
878 1558 1038 1611 eutrursus
1091 1555 1166 1611 cinae
1178 1559 1279 1612 auam
1293 1553 1418 1612 caleatis
1435 1552 1571 1625 ministri,
1587 1555 1638 1608 aut
1648 1566 1702 1624 per
1712 1550 1860 1607 odiorum
1872 1554 1924 1607 tra·

207 1639 350 1704 dormire,
368 1657 437 1697 cum
453 1642 569 1711 litigare
598 1643 805 1716 prohibentur.
822 1644 883 1701 Pax
910 1643 999 1713 igitur
1010 1651 1040 1703 et
1092 1643 1161 1700 bem
1176 1658 1296 1700 cernere
1307 1642 1484 1714 stipulemin
1495 1639 1686 1698 oculairalris
1697 1637 1921 1710 rduniiiictti.

207 1727 336 1796 dilectio,
350 1730 524 1787 communis
539 1732 661 1802 periculi
677 1733 868 1804 cogitatione,
896 1733 926 1788 in
949 1732 1039 1789 eorde
1092 1749 1141 1800 ιιι,
1152 1733 1191 1803 3),
1217 1736 1269 1789 aut
1283 1731 1466 1789 tolerabilius
1492 1735 1619 1787 mortem
1638 1728 1741 1785 ridere
1757 1726 1921 1800 peccantis,

205 1822 360 1873 serventur
375 1820 403 1874 ¹:
421 1819 528 1876 modus
542 1827 643 1878 aulem
672 1823 835 1893 sermonis,
852 1822 914 1879 sive
929 1821 1038 1886 acrius,
1092 1837 1186 1895 quam
1199 1822 1325 1879 verbum
1344 1819 1529 1891 indignantis
1555 1817 1681 1876 audire:
1704 1817 1793 1891 quod
1810 1831 1874 1873 non
1887 1815 1924 1873 ite

206 1905 267 1962 sire
281 1905 422 1964 blandius
436 1909 703 1982 proteratur,sicut
714 1911 795 1968 satus
805 1911 968 1984 ejusquem
977 1926 1041 1967 cor·
1092 1912 1258 1980 accidisset,
1271 1912 1295 1967 si
1310 1915 1370 1968 tam
1382 1925 1492 1967 sanum
1505 1909 1641 1965 animum
1651 1906 1793 1963 curando
1803 1904 1922 1964 alterins

204 1995 277 2066 rigis
289 1997 437 2067 postulare
444 1999 570 2070 videtur,
580 2000 785 2056 moderandus
796 2005 849 2057 est.
857 2003 932 2057 Nam
945 1999 1039 2057 etalio
1092 2001 1195 2058 animo
1208 2000 1431 2063 adhiberemus,
1443 2013 1537 2071 quam
1550 1994 1633 2053 sanis
1647 1994 1797 2052 manibus
1812 1993 1856 2051 illi
1865 2008 1921 2051 me·

205 2098 273 2156 loco
288 2085 358 2141 dicit
373 2086 502 2144 :Seruum
512 2097 600 2145 autem
613 2089 721 2146 liomt'ai
731 2089 842 2161 litigare
856 2096 1040 2161 aaaoportet;
1092 2089 1151 2146 dici
1166 2089 1263 2146 aliana
1276 2088 1413 2145 membra
1429 2090 1621 2160 pertractent.

206 2174 359 2273 red'mitem
374 2192 427 2232 esee
441 2176 476 2232 ad
499 2194 599 2244 omnes,
614 2178 765 2250 decibilem,
777 2181 935 2252 patientem.
953 2180 1040 2235 Eine
1129 2209 1172 2261 57·
1193 2207 1352 2277 Nunquam
1373 2204 1472 2276 itaque
1498 2201 1587 2260 alieni
1603 2199 1718 2273 peccati
1739 2197 1921 2272 objurgandi

206 2277 370 2363 q⁰¹iqu⁸m
386 2281 423 2321 ⁰¹
433 2282 469 2366 9⁰
491 2273 574 2365 ‘³⁰¹5‘
589 2267 773 2324 ⁰⁰⁸³⁸¹¹d¹¹m
795 2268 851 2325 ”bi
863 2282 929 2324 ⁸⁵⁸⁰
946 2281 1040 2324 ³⁰⁰¹·
1093 2293 1317 2366 suscipiendum
1328 2292 1541 2364 estnegotium,
1552 2291 1609 2347 nisi
1619 2288 1830 2346 cuminternis
1842 2288 1922 2345 inter·

204 2356 338 2454 raptione
350 2369 458 2454 erroris
472 2355 603 2422 alterius,
632 2356 701 2413 vide
717 2356 789 2430 quid
811 2357 979 2430 adjungat:
1003 2356 1040 2414 li
1092 2382 1300 2455 rogationibus
1314 2381 1523 2438 examinantes
1537 2384 1671 2437 nostram
1694 2378 1919 2443 conscientiam,

206 2441 956 2518 modestiaenquit,carripieatemde’aersaseatenties(ll
968 2445 1038 2502 Tim.
1092 2471 1207 2546 liquido
1219 2468 1750 2542 nobiscommneoresponderimus,
1769 2466 1921 2524 dihomo

206 2546 237 2595 ¹¹'
247 2531 555 2601 ΜωὈυοωοάοἸη
566 2535 706 2600 m⁰d²⁸ff⁶¹⁵
718 2536 873 2609 qu⁰m⁰d⁰
886 2534 1043 2606 wiripim
1093 2577 1149 2617 nos
1165 2560 1367 2626 lacereouod
1378 2559 1401 2615 si
1416 2559 1596 2621 convicium,
1616 2556 1773 2622 salminse,
1785 2555 1922 2613 solatiam

207 2625 270 2686 tem,
280 2619 336 2719 nisi
348 2622 573 2679 cumlenitatem
585 2623 674 2679 corde
682 2625 856 2691 retinemus,
865 2629 893 2679 et
905 2623 1039 2695 aliquam
1094 2650 1314 2723 persecutiones
1324 2648 1486 2721 ejusquem
1495 2647 1639 2718 argueris,
1655 2645 1922 2702 laoefavofinmi,

206 2708 417 2766 medicamenti
425 2712 621 2768 acrimoniam
632 2711 723 2769 verbo
733 2713 928 2784 correptionis
940 2727 1039 2783 asper·
1093 2754 1178 2795 mum
1189 2756 1196 2801 3
1209 2739 1232 2793 ,ᾗ
1247 2737 1346 2794 adhue
1358 2736 1406 2793 5110
1420 2751 1474 2810 pel.
1488 2741 1516 2792 ιθ
1534 2734 1636 2792 „nari
1651 2749 1741 2807 pom
1766 2732 1920 2799 videbitur,

208 2797 390 2897 ⁸5¹¹J¹¹⁸iN³⁰
399 2798 798 2897 fflit⁶¹⁹⁸⁰⁰ipi⁰⁰d⁰mffl⁰⁰
807 2802 924 2874 ‘lumin
933 2801 1039 2857 “adem
1094 2826 1167 2885 nihil
1176 2826 1361 2899 respondeas
1378 2825 1474 2883 donec
1488 2825 1601 2883 saneris
1611 2823 1694 2897 prior
1706 2839 1714 2878 ι
1726 2839 1765 2880 ne
1774 2822 1852 2880 torte
1866 2836 1921 2879 cer

207 2885 339 2957 Ep¹⁸¹⁰¹⁸
350 2892 483 2958 9⁰⁵¹t¹¹m
499 2893 558 2944 ⁰⁸¹²
575 2888 699 2945 Prff‘dm
722 2889 840 2956 mbum’
855 2889 929 2946 '³¹⁸⁸ss
942 2906 1039 2962 ⁰PW'
1094 2917 1214 2973 nalibus
1225 2915 1370 2973 mortibus
1390 2915 1447 2971 tuis
1458 2915 1497 2971 ad
1517 2913 1689 2970 nocendum
1700 2911 1886 2977 consentias,
1897 2913 1922 2965 et

207 2979 281 3040 tuae,
294 2982 466 3046 importare,-
479 2993 572 3049 argue,
587 2978 708 3048 lutare,
721 2980 831 3051 increpa
852 2979 883 3034 ia
896 2981 970 3034 omui
985 2978 1041 3036 loa·

206 3064 366 3136 ganimitate
380 3072 405 3121 et
418 3066 545 3123 doctriua
558 3069 615 3138 (ld.
632 3084 672 3135 ιι,
682 3070 719 3141 2).
738 3070 950 3139 importunitas
960 3070 1040 3127 enim

205 3155 855 3231 opportunitatiutiqueoontrariacsl:neque
867 3157 1040 3216 omninoul·

203 3240 1044 3320 lummedicamentumsanat,nisiquodopportuneadhi·

203 3330 1036 3410 bueriaouanquamergoetsicpassitdislingui,iastaop-

203 3428 332 3493 partone,
347 3423 464 3480 utalius
477 3425 516 3481 sit
528 3440 646 3491 sensus,
656 3427 917 3498 importunamque,
933 3426 1043 3483 deinde

205 3516 524 3581 creteraeontexantnr,
542 3516 860 3587 Hortareiacrepucam
869 3515 1036 3587 amaitaapa·

204 3599 363 3657 nimitateet
373 3601 500 3658 doctrina
511 3619 521 3659 .·
539 3607 570 3660 ui
597 3607 668 3660 tunc
682 3610 870 3677 opportunus
886 3604 1035 3667 sentiaris,

203 3689 1037 3766 cuminstaseadilicaudo,·cumautemdastruisarguen·

206 3775 255 3842 do,
270 3792 331 3833 non
344 3794 429 3835 cures
444 3781 562 3837 etiamsi
574 3782 770 3854 importunus
786 3782 926 3848 videaris,
943 3783 967 3838 si
979 3784 1037 3840 hoc

206 3869 251 3920 est
263 3864 372 3920 talibus
386 3868 594 3938 importunum
614 3886 620 3925 :
636 3871 677 3928 ita
691 3872 752 3927 duo
767 3887 836 3943 quas
859 3877 1033 3944 sequuntur,

206 3952 246 4009 ad
260 3951 321 4009 duo
336 3957 492 4027 superiora
505 3963 632 4029 possunt
647 3959 821 4027 singillatim
836 3960 948 4025 relarrl,
964 3959 1037 4016 ilar-

208 4047 269 4099 tare
286 4056 356 4097 cum
374 4050 523 4116 opportune
541 4048 646 4114 instas,
664 4048 775 4118 increpa
796 4063 866 4105 cnm
883 4049 1037 4121 importune

207 4130 327 4202 arguis;
343 4131 452 4189 deinde
462 4140 569 4193 caetera
586 4135 648 4192 dua
661 4135 805 4203 similiter,
823 4137 876 4193 sed
890 4154 1037 4196 converso

204 4219 320 4285 ordine,
336 4221 513 4290 referuntur,
530 4225 677 4281 Cumomai
687 4224 899 4296 longanimitate,
908 4228 1037 4283 adsueti·

205 4309 321 4366 nendos
335 4310 557 4382 indignationes
569 4329 675 4370 eorum
688 4330 768 4386 quos
783 4314 929 4381 destruis;
945 4315 1037 4372 eldaa

207 4398 294 4465 trina,
310 4398 350 4455 ed
364 4401 541 4459 instruenda
553 4417 659 4460 aarum
672 4403 769 4459 studia
782 4418 860 4475 quos
882 4402 1016 4460 aditicas
1029 4420 1036 4459 :

206 4492 308 4545 nmen
324 4489 440 4546 etiamsi
455 4490 506 4547 illo
532 4492 685 4550 usitatiore
706 4492 799 4550 modo
824 4491 1037 4564 distinguatur,

206 4576 285 4633 laeta
297 4583 448 4650 opportune
464 4599 476 4645 ;
490 4581 573 4653 quod
597 4582 621 4638 si
635 4582 694 4640 hoc
709 4583 800 4639 modo
823 4598 884 4638 non
905 4581 1036 4655 proficis,

207 4664 361 4736 importune
376 4670 438 4726 :ita
450 4669 676 4741 intelligendum
693 4676 747 4737 ast,
760 4676 801 4728 'ut
820 4676 852 4729 lu
864 4672 1039 4744 opportuni·

208 4757 298 4809 tatem
308 4758 501 4814 omninonon
514 4759 652 4826 deseras,
661 4762 739 4817 etsic
749 4761 968 4836 accipiasquod
979 4763 1039 4819 dic·

207 4846 338 4909 tumeat,
350 4844 512 4916 importare,
534 4853 565 4902 ut
576 4847 967 4922 illividaarisimportunus‚
985 4852 1038 4925 qui

207 4946 269 4989 nou
285 4931 410 4991 libenter
425 4936 510 4993 audit
522 4951 588 5009 quae
598 4937 740 4994 dicuntur
754 4938 862 4994 ineum
873 4954 880 5005 ;
891 4944 922 4994 ιιι
938 4944 1037 4996 nmen

208 5021 286 5079 scias
301 5024 358 5080 hoc
372 5023 416 5079 illi
429 5040 496 5082 esse
510 5030 725 5097 opportunum,
741 5032 768 5084 et
783 5026 975 5085 dilectionem
988 5046 1041 5086 cu·

207 5127 334 5185 remque
350 5113 486 5171 saninlis
500 5114 565 5186 ejus
586 5116 688 5172 animo
709 5120 810 5175 teneas
825 5123 994 5187 mansueto,
1010 5118 1040 5178 et

208 5200 358 5270 modesta,
374 5208 403 5261 et
415 5203 556 5261 iraterno.
570 5203 648 5262 llulti
667 5206 746 5263 enim
760 5210 862 5278 postea
872 5208 1038 5279 cogitantes

210 5304 278 5362 quse
286 5292 444 5362 audierint,
458 5297 589 5366 etquam
601 5294 684 5366 juste
699 5295 856 5364 audierint,
866 5296 922 5367 ipsi
933 5310 1038 5368 segra·

209 5378 275 5433 vius
283 5382 449 5438 etseverius
461 5388 626 5454 arguerunt
632 5403 641 5456 3
654 5389 680 5441 et
690 5385 831 5457 quamvis
842 5384 1039 5457 perturbatio·

213 5477 261 5520 res
274 5482 293 5523 a
308 5470 423 5527 medico
432 5472 603 5529 viderentur
615 5472 787 5539 abscedere,
801 5473 946 5546 paulatim
956 5474 1038 5531 verbi

245 5634 254 5667 ¹
268 5635 393 5711 Amida,
409 5647 432 5688 ct
442 5642 868 5709 eammuaiepericaiieogitatiaiu
877 5645 1040 5699 aarderseer·

232 5696 441 5752 etur.Sscet1am
450 5702 512 5754 itas.
530 5717 585 5755 ono
594 5708 703 5759 tentum
718 5710 843 5773 excepto.-

1095 3006 1239 3063 exbibeas
1252 3005 1389 3076 linguam
1409 3010 1492 3061 tuam
1510 3019 1596 3061 arma
1611 3002 1781 3073 iniquitatis
1805 3003 1921 3075 peccato

1095 3095 1183 3167 (nom.
1196 3110 1231 3162 ιι,
1250 3095 1293 3165 li)
1313 3092 1351 3149 ad
1362 3092 1550 3149 reddendum
1562 3091 1676 3148 malum
1695 3106 1751 3163 pro
1768 3090 1863 3157 malo,
1877 3091 1921 3146 ant

1095 3182 1288 3242 maledictum
1304 3198 1357 3255 pro
1372 3181 1534 3241 maledicto
1546 3181 1650 3249 (lPetr.
1663 3180 1754 3253 ιιι,9).
1773 3175 1920 3252 Quidquid

1096 3274 1176 3330 enim
1188 3273 1315 3329 lacerato
1326 3272 1428 3327 animo
1436 3270 1555 3336 dixeris,
1567 3268 1721 3341 punientis
1730 3269 1920 3340 estimpelns,

1097 3377 1158 3418 non
1172 3361 1302 3417 charitas
1314 3361 1495 3431 corrigentis.
1515 3358 1616 3431 Dilige,
1630 3363 1659 3414 et
1671 3357 1817 3431 dicquod
1832 3356 1919 3414 voles:

1098 3449 1179 3507 nudo
1196 3449 1286 3506 modo
1299 3448 1492 3506 maledictum
1506 3448 1560 3505 erit
1571 3447 1765 3521 quodspecie
1777 3442 1922 3504 maledicti

1091 3538 1231 3605 sonuerit,
1241 3540 1266 3594 si
1279 3538 1450 3595 memineris
1458 3537 1645 3609 senserisque
1655 3537 1722 3593 lein
1736 3530 1921 3606 gladioverhi

1091 3628 1153 3695 Dei,
1165 3628 1356 3685 liberatorem
1370 3627 1504 3683 hominis
1519 3640 1584 3681 esse
1611 3623 1685 3681 velle
1708 3623 1748 3681 ab
1774 3623 1920 3681 obsidione

1091 3717 1241 3773 viliorum,
1258 3716 1344 3783 Quod
1360 3715 1385 3771 si
1396 3715 1480 3783 lorte,
1501 3720 1534 3771 nt
1552 3714 1732 3788 plerumque
1745 3711 1868 3779 accidit,
1883 3710 1919 3766 di·

1090 3803 1441 3878 lectionequidemtalem
1453 3803 1583 3874 suscipis
1591 3803 1753 3870 actionem,
1770 3805 1801 3858 et
1813 3801 1852 3860 ad
1861 3812 1917 3858 ean

1091 3893 1485 3960 cordedilectionisaccedis,
1494 3893 1544 3949 sed
1553 3891 1792 3964 interagendum
1806 3890 1918 3961 subrep

1092 3982 1162 4040 serit
1176 3981 1301 4055 aliquid,
1320 3982 1393 4038 dum
1408 3980 1459 4037 tibi
1475 3980 1630 4046 resistitur,
1654 3979 1739 4054 quod
1761 3986 1792 4038 te
1813 3979 1919 4038 aulerat

1092 4072 1267 4130 abhominis
1281 4071 1351 4128 vitio
1363 4071 1563 4144 percutiendo,
1585 4074 1613 4127 et
1625 4070 1682 4142 ipsi
1698 4069 1821 4127 homini
1838 4067 1919 4125 iaciat

1091 4161 1234 4217 infestum
1245 4177 1252 4229 ;
1265 4165 1370 4232 postea
1385 4166 1412 4216 te
1420 4159 1562 4232 lacrymis
1577 4158 1732 4216 lavantem
1748 4153 1917 4229 huiusmodi

1092 4249 1255 4324 pulverem,
1279 4249 1370 4306 multa
1398 4248 1548 4305 salubrius
1573 4247 1747 4304 meminisse
1769 4244 1919 4320 oportebit,

1091 4354 1185 4412 quam
1196 4354 1256 4395 nou
1269 4337 1437 4394 debeamus
1450 4352 1540 4409 super
1551 4335 1677 4394 aliorum
1690 4334 1855 4408 superbire
1863 4347 1921 4408 pec·

1092 4432 1169 4492 cata,
1177 4427 1335 4500 quandoid
1345 4427 1411 4499 ipsa
1423 4425 1920 4497 eorumobjmgationepeccamus,

1093 4531 1162 4572 cum
1178 4515 1293 4573 facilius
1308 4531 1364 4572 nos
1378 4514 1422 4571 ira
1436 4515 1588 4587 peccantis
1604 4514 1705 4580 iratos,
1721 4528 1822 4586 quam
1842 4512 1922 4569 mise-

1091 4605 1137 4662 ria
1150 4604 1358 4661 misericordes
1368 4603 1451 4661 iacit.

1128 4723 1172 4780 58.
1189 4721 1239 4793 [lh.
1261 4736 1299 4787 ιι,
1315 4720 1356 4795 h]
1371 4719 1451 4777 Alter
1474 4719 1591 4777 atterius
1609 4734 1693 4775 caera
1708 4725 1831 4792 portate.
1850 4722 1875 4775 et
1886 4716 1920 4772 sie

1092 4810 1379 4883 adimplebitisdegem
1389 4808 1514 4866 Christi:
1527 4807 1634 4880 Legem
1648 4807 1753 4882 utique
1764 4807 1920 4866 charitatis.

1094 4901 1123 4957 Si
1135 4905 1237 4958 autem
1250 4898 1352 4972 implet
1367 4901 1473 4970 Legem
1484 4897 1534 4971 qui
1545 4896 1641 4967 diligit
1651 4896 1844 4969 proximum,
1858 4895 1922 4954 dile·

1093 4989 1212 5062 citoque
1223 4989 1351 5061 proximi
1360 4988 1487 5045 etiamin
1500 4986 1651 5043 veteribus
1661 4985 1828 5059 scripturis
1839 4982 1923 5043 mari·

1095 5094 1142 5135 me
1155 5076 1384 5134 commendatur
1395 5075 1494 5149 (Lavit.
1510 5092 1570 5147 xlx,
1585 5074 1640 5147 ld),
1651 5074 1683 5130 in
1698 5075 1922 5148 quadilectiooe

1093 5165 1164 5223 dicit
1186 5166 1244 5223 elio
1257 5165 1321 5221 loca
1336 5164 1416 5222 idem
1427 5164 1592 5237 apostolus,
1608 5162 1801 5236 recapitulari
1829 5160 1923 5221 omnia

1093 5255 1239 5313 mandata
1256 5254 1342 5324 Legis
1364 5254 1453 5325 (Rom.
1467 5267 1528 5317 ιιιι,
1550 5254 1577 5316 8,
1593 5251 1640 5324 til:
1670 5250 1873 5309 manifestum
1885 5251 1924 5307 est

1094 5340 1475 5414 etiamillamScripturam,
1489 5338 1656 5413 quapriori
1668 5338 1866 5412 populodatn
1876 5342 1924 5403 est,

1093 5432 1202 5504 legem
1217 5430 1324 5487 Christi
1336 5445 1413 5496 esse,
1424 5444 1518 5502 quam
1534 5427 1613 5484 renit
1635 5426 1762 5498 implere
1788 5428 1925 5485 charitate

1093 5520 1204 5596 (uari.
1221 5535 1249 5589 r,
1266 5520 1320 5592 ti),
1336 5534 1404 5592 quse
1420 5533 1481 5574 non
1492 5514 1675 5589 implebatur
1687 5514 1809 5574 timore.
1821 5516 1926 5575 lisdem

1093 5606 1462 5683 igiturscripturaetidem
1471 5604 1928 5671 mandatumcumbonisterre·

1098 5699 1146 5758 nis
1158 5697 1307 5757 inhiantes
1318 5696 1427 5771 premit
1440 5710 1553 5764 serras,
1567 5696 1794 5756 Testamentum
1822 5695 1926 5763 ietnsr
