3952 6150
146 349 224 412 itui
617 351 657 413 ΙΝ
677 354 841 417 rouuuls
862 352 1135 425 hismahelem,
1159 352 1194 414 S.
1214 347 1427 412 Abuusrlut
1829 342 1909 406 1408

141 484 308 544 consclatur
319 484 689 545 ncsincmnitrihulaticne
700 488 897 546 attentatione
910 488 999 561 hujus
1051 494 1120 544 tras.
1132 482 1224 553 Uada,
1235 482 1292 540 uiri
1303 479 1512 554 qaiacegnutit
1523 481 1593 578 item
1604 477 1910 580 iacobhabaasyrum

143 576 220 634 vitas.
237 575 300 632 lton
315 575 392 633 enirn
403 580 499 634 cassat
514 577 653 636 inimicus
676 579 811 652 persequi
826 597 833 647 ;
856 584 885 635 at
899 578 924 636 si
941 595 999 636 noa
1052 574 1179 634 habehat
1192 571 1389 630 avunculum:
1417 572 1505 672 irater
1519 585 1598 626 earm
1614 569 1677 624 erat
1689 567 1785 624 habim
1806 572 1911 627 matris

144 665 808 739 apertesavit,iasidiisagit.Ouideaimagit¹l
819 668 1001 740 litsupcrr‘am
1051 664 1151 733 laceb,
1163 661 1387 719 ideatltcbccoa
1398 676 1496 761 uxorius
1515 658 1598 715 Isaac
1609 655 1661 759 (ut
1673 659 1822 731 uersat).
1840 658 1915 731 Lege

143 754 361 828 dotorcapcbant
375 756 460 828 (Prot.
473 773 568 821 xxxiv,
583 756 640 829 20).
659 758 728 814 lade
743 758 839 815 dictus
853 763 898 815 est
913 756 957 814 lec
972 762 1001 814 et
1052 754 1244 827 scripturam,
1255 756 1284 809 et
1295 750 1425 808 invenias
1435 765 1504 823 quia
1513 748 1619 805 iratres
1631 747 1769 805 dicuntur
1784 762 1915 805 avuncu-

142 843 239 901 draoo.
252 843 308 899 Sed
320 845 389 915 quid
402 845 509 902 dicitnr
521 845 656 902 Christo?
667 850 703 903 Et
713 847 883 903 conculcabis
893 848 1000 903 leonem
1052 845 1100 902 tus
1114 846 1144 902 et
1157 842 1266 901 sororis
1282 839 1362 897 lilius
1377 839 1429 914 (ld.
1444 856 1522 902 xrrx,
1546 839 1650 938 12-t5).
1671 837 1736 902 Qua
1751 837 1849 938 raguta
1863 854 1914 895 co-

140 943 167 992 ct
180 934 326 990 draconem
337 935 420 1006 (Prot.
437 952 482 1004 xc,
501 936 555 1008 13).
570 936 626 993 Leo
642 945 754 1008 propter
769 942 897 1008 apertam
913 938 998 1009 iram,
1055 934 1146 1007 gnita,
1162 932 1290 989 invenies
1314 945 1416 987 omnes
1438 942 1674 1000 consanguineus
1695 927 1795 984 Merra
1811 928 1916 984 tratres

142 1025 230 1081 draco
253 1028 369 1096 propter
390 1024 519 1081 occultas
544 1024 676 1082 insidias.
701 1024 794 1082 Draco
809 1026 893 1098 ejecit
907 1027 999 1082 Adam
1055 1039 1121 1081 esse
1137 1021 1259 1111 Christi.
1408 1111 1414 1123 ¹
1506 1108 1513 1122 .
1842 1108 1847 1120 Ι

142 1113 178 1170 de
192 1113 337 1184 paradiso,
354 1112 430 1168 idem
447 1114 509 1185 ipse
524 1112 569 1169 lea
585 1119 753 1186 persecutus
772 1122 815 1173 est
828 1114 998 1183 Ecclesiam,
1089 1114 1117 1170 3.
1142 1114 1197 1170 saa
1222 1111 1264 1168 illi
1279 1109 1417 1184 discipuli
1438 1126 1530 1182 magra
1552 1108 1757 1211 aracillrat'ras
1774 1125 1783 1174 3
1798 1123 1869 1182 quia
1887 1114 1916 1166 et

147 1201 259 1258 dicente
284 1202 377 1268 Patro,
403 1203 475 1272 Quin
495 1201 673 1260 aduersarius
687 1212 773 1262 cartu
789 1205 913 1263 diabolus
932 1208 1002 1261 sicut
1053 1202 1096 1261 llli
1111 1203 1226 1276 cognati
1238 1202 1405 1259 tratresncn
1416 1203 1525 1265 essent,
1536 1215 1561 1255 ar
1574 1197 1712 1271 discipuli
1722 1213 1781 1254 nen
1791 1204 1912 1255 essent:

144 1294 184 1348 too
199 1290 311 1359 rupious
326 1292 435 1360 circuit,
452 1308 665 1367 querensqueur
677 1294 819 1366 ctcuoretll
831 1298 907 1352 Patr.
923 1312 951 1366 v,
961 1297 999 1368 8).
1054 1298 1083 1350 ct
1098 1293 1161 1349 sine
1175 1307 1263 1348 causa
1279 1291 1391 1360 iratres,
1405 1289 1428 1346 si
1455 1289 1625 1392 magistram
1647 1304 1705 1393 aaa
1722 1294 1917 1392 agnoscerent

145 1376 206 1433 Non
229 1377 429 1436 tibisaevitinm
440 1396 524 1437 snam
535 1381 698 1455 perdidisse
709 1383 842 1442 diabolus
853 1385 1001 1442 videatur:
1054 1384 1183 1442 tratrem.
1195 1382 1268 1439 Nam
1280 1383 1405 1456 quedam
1415 1381 1477 1439 loco
1491 1395 1558 1436 cum
1570 1396 1595 1437 er
1607 1384 1734 1437 nuntiati
1744 1387 1916 1481 esceatlma·

142 1466 259 1540 quaudo
276 1469 434 1538 blanditur,
447 1472 774 1543 tunemagiscavendus
792 1479 847 1531 ast.
859 1475 915 1532 Sed
926 1474 1002 1530 iuter
1054 1471 1402 1543 teretiratresejusioris
1420 1473 1541 1537 stantes,
1562 1467 1717 1571 illocalem
1740 1484 1807 1525 eum
1828 1469 1917 1525 discr·

142 1556 194 1613 has
206 1574 309 1615 omnes
320 1559 443 1616 insidias
454 1565 483 1617 et
494 1562 558 1632 eJus
570 1564 756 1632 tentationes,
768 1563 838 1636 quid
850 1563 1000 1634 iaciamus,
1055 1561 1130 1635 pulis
1145 1563 1206 1618 suis
1220 1561 1402 1633 loquabatur,
1418 1559 1483 1616 ait:
1502 1560 1570 1629 Quae
1590 1559 1660 1614 mibi
1683 1565 1780 1659 mater,
1802 1559 1844 1615 oet
1867 1569 1916 1661 qur·

144 1645 200 1703 nisi
216 1648 293 1717 quod
310 1648 348 1705 ibi
366 1648 545 1720 audivimus,
561 1651 726 1724 Epoautcnr,
742 1670 804 1710 curu
812 1652 887 1710 milii
895 1653 1002 1712 molesti
1054 1655 1156 1725 fratres
1167 1653 1224 1708 tlit
1238 1652 1392 1708 retendens
1402 1666 1517 1706 manum
1530 1649 1769 1722 superdismpulos
1784 1663 1856 1716 suos,
1872 1648 1911 1703 dr·

143 1740 243 1804 essent,
257 1737 404 1794 induebam
414 1741 772 1800 mecilicioetlrumiliabonr
786 1742 926 1814 iniciunio
939 1744 1003 1798 cni·
1055 1743 1107 1811 cit,
1122 1741 1156 1798 lii
1164 1747 1230 1799 sunt
1245 1743 1348 1813 {ratres
1357 1743 1412 1797 mei
1423 1758 1433 1796 :
1443 1744 1482 1808 at,
1496 1738 1667 1812 ericumque
1680 1739 1777 1811 sereret
1788 1739 1913 1794 uolunta-

146 1840 221 1882 mnru
236 1843 334 1883 mecm.
351 1829 402 1886 Est
417 1830 624 1902 quiexaudiat,
640 1849 677 1891 ne
692 1832 924 1890 lubitatisnrarc
936 1832 1001 1905 :qui
1056 1837 1110 1890 um
1129 1832 1221 1888 Putris
1235 1831 1299 1896 mei,
1317 1830 1364 1886 illc
1386 1828 1457 1885 ruiti
1470 1832 1568 1898 ruder,
1592 1834 1618 1885 et
1630 1829 1728 1929 freter,
1743 1832 1769 1928 ct
1783 1842 1862 1884 soror
1875 1834 1913 1882 ert

145 1920 243 1971 cutem
260 1918 387 1987 exaudit,
405 1919 482 1977 intus
494 1925 602 1978 manet.
615 1923 675 1979 Nan
693 1923 722 1980 in
734 1926 861 1980 montem
873 1921 1001 1995 aliquam
1056 1920 1164 1993 (llottb.
1181 1937 1231 1989 xu,
1248 1920 1353 1991 ibbo).
1369 1919 1442 1991 ltrgo
1457 1921 1486 1975 et
1496 1916 1598 2020 Maria,
1614 1932 1682 2020 qum
1696 1917 1765 1972 iacit
1778 1915 1913 2017 volunte-

145 2004 247 2061 eoulos
272 2006 414 2080 dirigatis,
445 2025 502 2067 non
532 2011 635 2068 iactam
660 2013 690 2068 ia
711 2011 808 2069 stellas
832 2015 883 2070 aul
911 2011 1001 2070 solem
1055 2015 1114 2068 tem
1126 2005 1829 2080 Patria.HeuineamagnificavstDnmraus,quia
1847 2007 1914 2061 laert

143 2103 192 2148 aut
202 2093 300 2151 lunam
313 2095 423 2154 levetis.
434 2098 497 2156 Non
513 2104 582 2157 tunc
602 2101 731 2158 exaudiri
750 2101 1003 2159 vosarbitramini·
1057 2100 1234 2158 veluntatem
1252 2099 1357 2169 Patris,
1373 2097 1510 2173 nunquia
1524 2112 1590 2155 carc
1604 2096 1705 2170 genuit
1717 2109 1847 2196 earnem·
1862 2097 1912 2197 ln-

142 2185 258 2255 quande
284 2202 371 2257 super
394 2203 474 2245 marc
495 2191 604 2246 oratis:
634 2191 693 2249 ime
718 2191 905 2249 detestamini
929 2191 1002 2247 tales
1056 2190 1303 2250 teadatharitas
1327 2194 1430 2246 vestra.
1456 2191 1611 2261 Propterea
1634 2202 1699 2288 aum
1725 2190 1913 2288 Dominarum

144 2273 298 2331 orationes.
308 2276 890 2339 Mundataatumcubiculumaordistubi
900 2281 1001 2352 icaria,
1057 2282 1143 2339 turha
1153 2279 1332 2338 admirabilis
1343 2279 1497 2345 videretur,
1511 2277 1620 2335 taciens
1636 2292 1715 2377 sigua
1724 2279 1753 2331 et
1767 2276 1912 2347 prodigia,

146 2362 322 2437 ubicumque
337 2369 475 2436 araveris,
491 2370 572 2426 iulus
593 2376 638 2428 est
653 2372 703 2445 qui
718 2373 865 2443 exaudiat,
879 2373 956 2430 latus
972 2374 1000 2428 in
1055 2374 1084 2428 et
1102 2370 1261 2427 osteadens
1276 2370 1324 2442 qul
1341 2368 1485 2425 lateralia
1501 2382 1600 2436 carae,
1615 2366 1767 2468 admirata
1778 2364 1913 2467 quedam

144 2462 265 2525 secreto,
282 2471 369 2528 quem
385 2458 482 2515 sinum
499 2465 581 2518 vacat
600 2478 666 2518 cum
683 2462 734 2532 ait,
751 2464 781 2520 ct
796 2461 886 2521 oratio
899 2463 1003 2520 mccin
1056 2462 1157 2519 aalma
1172 2463 1330 2519 dixerunt:
1356 2460 1435 2517 Felix
1448 2462 1543 2516 centu
1554 2459 1603 2530 qui
1618 2461 1782 2561 tcpcrtaurt.
1798 2456 1833 2511 Dt
1846 2454 1912 2512 illa:

144 2545 210 2599 rina
225 2560 283 2601 mro
295 2556 467 2604 concertetur
477 2550 563 2621 (Psoi.
579 2567 671 2616 xxxiv,
692 2551 743 2623 13).
760 2553 814 2619 Qui
826 2556 854 2610 te
870 2551 1000 2621 exaudit,
1055 2555 1111 2612 imo
1126 2554 1216 2625 felices
1230 2554 1280 2625 qut
1293 2550 1411 2607 audiunt
1425 2550 1537 2607 uerbum
1551 2549 1611 2618 Dei,
1625 2554 1652 2604 ct
1665 2547 1820 2603 mertodruut
1835 2547 1913 2618 (tuo

144 2647 200 2687 noa
218 2637 260 2688 ert
276 2640 376 2705 preter
390 2640 427 2693 te.
445 2636 508 2694 Non
532 2637 617 2713 lenge
628 2640 725 2709 vadas,
752 2657 804 2698 nec
825 2644 854 2699 te
867 2642 1000 2707 extollas,
1055 2661 1096 2713 xr,
1110 2643 1155 2712 27,
1174 2643 1231 2715 28).
1254 2641 1313 2699 lieo
1330 2646 1373 2697 est
1388 2638 1494 2708 dicere,
1510 2641 1543 2694 st
1564 2640 1657 2693 mater
1677 2651 1845 2738 meaqnam
1858 2653 1914 2737 ⁸.p'

146 2723 177 2775 ut
188 2721 270 2792 quasi
283 2725 503 2796 attingssillum
513 2728 657 2785 manibus.
670 2729 794 2801 Magiasi
809 2734 836 2786 te
851 2730 1000 2799 extuleris,
1055 2731 1186 2805 peltastis
1196 2730 1322 2799 ielieem,
1334 2729 1402 2787 inde
1413 2728 1481 2785 latix
1491 2726 1692 2800 quieverhum
1705 2727 1753 2784 Dei
1764 2726 1912 2829 eustadii:

142 2809 241 2865 cades:
264 2811 288 2867 si
314 2819 339 2868 ta
355 2812 567 2885 humiliaveris,
583 2817 645 2889 ipsa
666 2818 924 2893 appropinquabit.
950 2822 1001 2878 iiic
1055 2838 1114 2880 neu
1129 2823 1197 2896 quia
1212 2822 1242 2878 in
1257 2820 1443 2878 illaverhum
1459 2834 1526 2875 aare
1542 2817 1651 2874 lactum
1662 2819 1717 2919 eal,
1728 2818 1758 2919 et
1770 2814 1913 2871 habitavit

143 2899 285 2958 Dominus
316 2901 394 2960 Deus
418 2910 519 2962 nester
542 2907 672 2964 Verbum
696 2909 759 2977 Dei,
783 2910 908 2967 Verbum
934 2929 1000 2970 carc
1054 2913 1085 2971 in
1101 2912 1325 2986 nobisllocnu,
1342 2911 1406 2983 tt);
1422 2909 1473 2966 sed
1490 2908 1559 2981 quia
1581 2906 1710 2964 custodit
1729 2921 1826 2979 ipsum
1840 2904 1911 2962 Ver·

142 2986 263 3058 tactum,
289 2991 379 3049 Filius
401 2993 503 3065 Patris,
528 2995 620 3053 Filius
648 2996 709 3066 Dei,
734 2997 824 3057 Filius
847 3001 999 3059 hominis:

143 3077 277 3137 excelsus
300 3088 329 3137 ut
352 3099 405 3140 nos
428 3085 545 3152 iaceret,
576 3086 696 3144 humilis
725 3092 758 3145 ut
777 3106 831 3147 aas
861 3091 999 3160 reliceret,

144 3167 299 3227 ambulans
320 3172 397 3230 inter
420 3173 565 3248 hemines,
582 3178 696 3250 patiens
721 3179 859 3248 humana,
882 3181 1002 3238 abscon·

142 3256 333 3318 decadivina.

176 3352 202 3403 D.
224 3351 380 3422 Descendit,
396 3357 428 3410 ut
443 3352 514 3411 dicit
531 3355 724 3428 Dvangalista,
741 3363 770 3415 irc
794 3360 1001 3437 capharnaum,

142 3437 201 3509 lpse
214 3440 241 3494 ct
254 3444 344 3495 molor
357 3441 428 3513 ejus,
444 3450 470 3499 et
487 3448 588 3515 iratres
602 3444 670 3518 ojus
686 3455 713 3503 et
730 3446 862 3523 discipuli
885 3453 955 3523 ejus,
976 3458 1002 3510 ct

142 3526 186 3585 ibi
200 3536 361 3588 munimini
375 3551 431 3591 nou
444 3536 539 3592 multis
556 3536 659 3594 diebus.
675 3539 748 3597 Doce
762 3540 851 3600 habat
866 3548 1001 3613 matrem,

146 3616 233 3675 habet
247 3619 363 3690 tratres,
378 3621 463 3681 babet
477 3629 506 3681 et
521 3625 700 3699 discipulos:
717 3628 785 3688 inde
796 3632 909 3704 tratres,
925 3636 1001 3693 unde

146 3713 279 3768 matrem.
298 3712 409 3769 Fratres
419 3713 498 3770 enim
510 3714 661 3789 Scriptura
671 3722 780 3792 nostra,
792 3738 850 3780 acu
862 3739 912 3783 eoa
922 3724 1001 3787 solea

140 3798 285 3871 appellare
301 3802 464 3871 consuevit,
480 3804 531 3879 qui
552 3811 718 3865 amnentur
732 3825 766 3867 ax
780 3811 880 3869 eadem
897 3814 956 3873 vire
971 3821 1001 3875 el

140 3889 261 3960 lomina,
269 3894 319 3948 aut
330 3908 364 3948 ax
374 3893 578 3964 eodamatero,
590 3899 887 3974 autexaedempatre,
899 3921 1001 3978 quam-

138 3978 181 4034 vis
191 3978 314 4038 diversis
327 3982 472 4041 matribus
484 4001 491 4054 ;
503 3990 636 4044 anteacta
646 4003 681 4044 ex
693 3990 795 4047 ecdem
803 3994 908 4066 gradu,
918 3995 999 4057 velut

136 4069 353 4141 compatrueles
364 4075 415 4128 aut
425 4074 616 4132 consobrinas
629 4093 636 4133 :
652 4093 708 4133 nen
721 4078 815 4136 solium
833 4081 885 4140 hos
897 4082 999 4141 iratres

138 4159 219 4215 nevit
234 4160 329 4216 dicere
343 4162 489 4236 Scriptum
511 4170 620 4223 nestra.
636 4169 785 4234 Quomodo
799 4169 940 4244 loquitur,
958 4176 999 4232 sin

139 4248 330 4324 intelligenda
344 4255 396 4308 ert.
422 4255 513 4312 Habet
535 4255 667 4330 linguam
693 4276 778 4318 suam
796 4263 999 4338 :quicumque

138 4339 215 4396 hanc
230 4339 359 4410 linguam
377 4343 480 4413 nescit,
495 4346 641 4419 turbatur,
662 4349 879 4419 secretalium
895 4355 998 4414 iratres

140 4429 365 4487 Dominallium
374 4431 452 4489 enim
465 4432 556 4492 Maria
566 4435 672 4494 iterum
684 4441 815 4513 peperit?
824 4443 916 4500 Absit.
929 4446 997 4503 tuda

139 4521 226 4591 erepit
241 4520 368 4592 dignitas
384 4522 541 4597 virginum.
567 4526 619 4584 Illa
635 4529 743 4588 lamina
764 4537 932 4592 maturasse
947 4552 995 4609 po-

139 4609 205 4680 tuit,
223 4612 327 4668 mulier
341 4629 405 4672 esse
422 4632 479 4675 noa
495 4619 598 4690 potuit.
622 4621 704 4678 Dicta
719 4625 762 4679 ast
777 4626 874 4681 autem
891 4625 999 4683 mulier

140 4700 996 4789 secundumieraineumscxum,consecundumcorruptio·

142 4800 207 4842 nem
228 4786 404 4860 integritatis
420 4809 428 4850 :
444 4799 473 4851 et
488 4793 542 4852 hoc
557 4813 591 4853 ex
605 4797 707 4871 lingua
723 4801 814 4872 ipsius
829 4805 995 4877 Scriptura.

141 4872 215 4931 Nam
230 4879 260 4933 et
272 4875 330 4932 tiva
345 4880 446 4936 statim
460 4882 536 4939 lacta
559 4885 595 4941 de
609 4884 697 4944 latare
718 4889 771 4945 viri
789 4891 847 4962 sui,
868 4895 995 4953 nondum

142 4967 274 5023 contacta
288 4983 304 5023 a
319 4965 380 5023 vire
395 4983 459 5039 suo,
474 4972 566 5028 nostis
579 4974 649 5045 quia
659 4976 764 5034 mulier
776 4979 924 5052 appellata
934 4988 994 5042 est:

139 5055 173 5111 st
185 5055 318 5127 formauit
329 5072 390 5114 coru
405 5059 435 5114 r'n
448 5059 593 5119 mulierem
607 5062 685 5134 (Gon.
707 5082 738 5134 u,
753 5066 809 5142 22).
831 5067 913 5127 [lade
928 5088 995 5146 erga

140 5143 271 5202 iratres?
291 5146 410 5222 Cognati
434 5149 530 5207 itariae
552 5150 653 5210 iratres
670 5155 793 5227 Domini,
814 5158 850 5217 de
865 5159 996 5234 quolibet

141 5235 233 5304 gradu
249 5241 374 5311 cognati.
390 5237 471 5296 Uada
487 5241 673 5314 probamus?
690 5245 731 5302 lla
753 5246 817 5318 ipsa
832 5249 994 5324 Scriptura.

143 5320 243 5376 Frater
260 5328 379 5385 abraba
396 5328 492 5390 dictus
508 5334 551 5389 est
563 5333 615 5391 Lot
629 5334 681 5408 (ld.
697 5352 761 5408 1111,
776 5338 803 5408 8,
819 5342 848 5396 et
861 5356 919 5410 xrv,
931 5341 993 5413 tl);

144 5411 224 5468 titius
233 5421 294 5471 erat
308 5419 403 5476 fratris
418 5420 520 5495 ipsius.
534 5423 617 5501 Lege,
632 5429 662 5484 et
675 5426 807 5487 invenias
822 5429 889 5503 quia
903 5431 994 5487 Abra·

141 5496 209 5556 ham
227 5505 349 5573 patruus
363 5514 425 5567 erat
439 5512 492 5570 Lot
501 5513 552 5586 lid.
565 5530 604 5584 rr,
615 5517 660 5590 ²7,
671 5517 728 5591 ai),
740 5523 769 5577 at
778 5519 844 5578 dicti
859 5524 927 5578 sunt
936 5520 993 5579 lra-

175 5688 183 5726 ¹
201 5688 315 5743 hulme
331 5707 392 5756 parc
406 5696 467 5750 tter.
480 5715 487 5753 ε
502 5702 573 5758 Quid
584 5703 656 5759 euin
671 5707 734 5759 citt
744 5709 779 5761 Et
791 5722 868 5776 super
882 5709 961 5763 bom.

1048 3002 1125 3061 -hum
1141 3001 1191 3059 Dsi
1207 3017 1258 3075 per
1268 3000 1342 3074 quod
1360 2999 1434 3056 iacta
1448 3001 1503 3067 est,
1518 3005 1546 3055 et
1565 2997 1642 3070 quod
1658 2996 1688 3052 in
1703 2992 1753 3052 illa
1777 3011 1843 3051 caro
1858 2996 1912 3068 {ta-

1054 3099 1133 3153 ctam
1148 3097 1204 3152 est.
1221 3092 1358 3150 Homines
1370 3106 1427 3146 non
1439 3090 1583 3164 gaudeant
1595 3087 1675 3162 prole
1685 3085 1849 3160 temporali,
1861 3103 1911 3142 ex-

1054 3184 1164 3242 sultent
1178 3184 1203 3241 si
1215 3182 1318 3257 spiritu
1326 3178 1571 3254 jungunturDec.
1583 3178 1647 3236 lieo
1658 3176 1786 3234 diximus
1796 3179 1912 3249 prepter

1054 3274 1084 3331 id
1108 3274 1183 3346 quod
1208 3272 1250 3330 ait
1276 3269 1473 3343 Evangelleta,
1498 3269 1568 3340 qula
1596 3283 1662 3323 aum
1687 3272 1857 3323 matresua
1881 3268 1912 3321 et

1054 3364 1192 3422 iratribus
1207 3362 1269 3422 auis
1284 3366 1313 3419 et
1327 3359 1479 3433 discipulis
1493 3357 1637 3416 habitavit
1651 3357 1681 3414 in
1704 3356 1910 3431 capharnaum

1055 3454 1155 3526 paucis
1170 3452 1284 3510 diebus.

1090 3544 1115 3599 l.
1133 3542 1202 3598 lade
1217 3541 1287 3614 quid
1298 3537 1454 3611 sequitur?
1469 3539 1589 3610 Etpropc
1606 3534 1779 3592 erctPasclru
1798 3535 1911 3593 ladaeo·

1054 3646 1127 3699 rum,
1139 3637 1167 3686 et
1181 3629 1304 3687 ascendit
1315 3627 1522 3697 lerosolymam.
1537 3624 1629 3682 Altam
1641 3639 1702 3680 ram
1712 3626 1823 3692 narrat,
1834 3623 1913 3680 sicut

1053 3735 1086 3776 se
1101 3718 1227 3776 hahebat
1250 3715 1410 3775 recordatio
1431 3712 1643 3772 annuntiantia.
1661 3733 1676 3762 u
1696 3712 1730 3768 tu
1753 3710 1911 3768 iuvenilia

1053 3808 1162 3884 templo
1174 3809 1333 3865 vendentes
1343 3805 1429 3863 boves
1444 3808 1550 3861 etoves
1564 3807 1592 3859 et
1607 3801 1769 3870 columbas,
1785 3808 1909 3858 etnum·

1054 3898 1192 3956 mutarier
1201 3896 1337 3955 sedentes
1350 3911 1357 3951 ε
1369 3898 1397 3952 et
1411 3909 1479 3950 cum
1495 3892 1609 3950 lecisset
1619 3889 1704 3965 quasi
1716 3890 1864 3964 hagellum
1876 3894 1911 3950 dc

1053 3987 1207 4057 resticulis,
1223 4001 1326 4045 emaes
1340 3983 1425 4057 ejecit
1439 3985 1476 4040 de
1490 3983 1599 4055 templo
1615 3997 1622 4049 3
1645 3981 1733 4039 boves
1748 3997 1866 4056 qnoque
1880 3988 1911 4040 et

1053 4083 1165 4146 cremet
1175 4075 1440 4135 nummulariorum
1451 4072 1553 4130 effudit
1563 4088 1613 4141 ms,
1624 4075 1653 4128 et
1664 4088 1776 4128 manaae
1786 4072 1910 4128 subver-

1051 4168 1107 4237 tit;
1123 4171 1150 4225 et
1161 4167 1207 4223 his
1217 4166 1267 4239 qui
1279 4163 1430 4222 columbas
1438 4162 1615 4231 vendebant,
1625 4160 1707 4228 dixit,
1724 4160 1843 4216 Auterte
1853 4161 1909 4217 ista

1051 4257 1132 4326 hinc,
1149 4263 1178 4314 et
1193 4257 1281 4315 nolite
1300 4257 1393 4313 tacere
1412 4255 1531 4311 domum
1552 4251 1644 4308 Patris
1656 4249 1711 4307 mei
1726 4251 1843 4308 domum
1859 4267 1908 4308 ne-

1052 4348 1231 4423 gotiationis.
1243 4368 1257 4401 s
1268 4347 1342 4413 Quid
1355 4344 1533 4413 audivimus,
1544 4342 1672 4399 iratres?
1683 4340 1754 4398 Doce
1762 4341 1907 4414 templum

1051 4439 1124 4496 illud
1141 4438 1336 4512 tiguraadhuc
1349 4438 1420 4502 erat,
1436 4438 1466 4491 et
1479 4433 1559 4505 ejicit
1569 4432 1637 4488 inda
1652 4430 1908 4491 Dominusomaes

1051 4529 1102 4602 qui
1112 4545 1165 4585 sua
1176 4528 1353 4601 querebant,
1370 4523 1418 4596 qui
1429 4523 1464 4579 ad
1476 4521 1623 4579 nundinas
1633 4524 1782 4578 venerant.
1796 4522 1827 4577 u
1842 4537 1909 4595 quas

1051 4619 1091 4677 lhi
1104 4618 1267 4676 vendebant
1277 4616 1344 4672 itli‘l
1357 4615 1424 4682 Due
1434 4630 1508 4685 opus
1523 4612 1667 4669 habebant
1678 4610 1812 4668 homines
1822 4610 1853 4669 in
1864 4629 1909 4670 re-

1050 4709 1168 4768 oriiiciis
1181 4707 1262 4765 illius
1285 4705 1436 4777 temperis.
1460 4704 1545 4760 Nevit
1566 4701 1645 4759 euim
1660 4700 1794 4759 Charitas
1809 4706 1909 4761 rastra

1050 4800 1130 4877 quod
1145 4795 1336 4858 sacriflciaitli
1347 4794 1454 4871 popule
1466 4809 1517 4868 pre
1532 4794 1596 4865 ejus
1606 4791 1776 4849 carnalitate
1784 4793 1908 4852 atecrdc

1050 4890 1147 4949 adhuc
1162 4888 1275 4961 lapideo
1290 4886 1357 4945 tatia
1370 4885 1438 4943 bata
1453 4889 1532 4952 suat,
1548 4880 1656 4954 quihus
1671 4883 1819 4938 teneretur
1830 4896 1865 4940 aa
1875 4883 1907 4940 in

1048 4980 1127 5040 idola
1143 4978 1284 5037 debueret
1299 4994 1306 5045 ;
1322 4981 1351 5033 et
1366 4972 1558 5031 immolabant
1580 4969 1620 5027 ibi
1637 4969 1790 5042 saeritlcia,
1805 4971 1906 5044 barca,

1049 5087 1116 5129 eves
1130 5076 1157 5129 at
1172 5067 1322 5126 columbae
1335 5065 1452 5135 :nostis,
1465 5063 1535 5135 quia
1548 5060 1671 5135 legistis.
1688 5063 1749 5116 Non
1766 5075 1832 5132 ergo
1843 5077 1907 5118 ma·

1048 5177 1140 5235 gnum
1157 5164 1318 5232 peccatum,
1334 5155 1358 5213 si
1374 5154 1429 5212 hec
1453 5150 1619 5209 vendebant
1637 5149 1667 5204 in
1690 5148 1812 5222 temple.
1828 5151 1906 5222 quod

1048 5250 1199 5310 emebatur
1208 5250 1241 5304 ut
1255 5246 1408 5304 etlcrretur
1417 5244 1447 5299 in
1457 5239 1565 5314 templa
1578 5256 1586 5308 ς
1597 5242 1625 5296 et
1635 5242 1733 5296 tamen
1744 5238 1908 5309 ejecitiada

1047 5340 1125 5399 illos.
1140 5337 1226 5407 Quid,
1239 5337 1263 5394 si
1279 5335 1319 5392 ihi
1331 5334 1462 5393 ebriosas
1475 5330 1629 5399 inveniret,
1645 5328 1714 5402 quid
1733 5328 1839 5386 laceret
1849 5330 1907 5389 Do.

1048 5430 1144 5489 minus
1156 5444 1163 5497 ;
1174 5427 1199 5488 ai
1214 5425 1371 5485 vendentes
1384 5440 1419 5480 aa
1429 5437 1494 5495 quea
1508 5419 1588 5478 licita
1612 5423 1689 5485 sunt,
1705 5422 1733 5474 et
1749 5421 1908 5493 contraja-

1046 5520 1159 5580 atltiam
1175 5535 1234 5576 noa
1249 5513 1406 5590 snat(qne
1417 5512 1496 5570 enim
1506 5511 1783 5578 hancsteemuatur,
1799 5512 1905 5571 noall-

1046 5609 1126 5668 licite
1144 5606 1336 5680 venduntur),
1357 5602 1468 5678 expulit
1490 5606 1599 5669 umen,
1615 5601 1644 5657 et
1665 5612 1721 5656 aon
1737 5600 1782 5655 est
1796 5614 1905 5673 parans

1046 5696 1317 5760 dememorattoais
1327 5695 1516 5754 baridomum
1528 5687 1799 5764 negotiatioaiatsi
1811 5704 1904 5764 rago.
