3952 6150
121 324 202 391 1103
594 330 634 393 itt
654 330 821 396 tuendis
840 322 1110 395 statuentem
1134 324 1169 386 S.
1191 320 1401 388 lubusrtrtt
1807 322 1888 386 lton

160 464 203 522 lt.
219 464 253 522 lit
268 465 598 540 noiorteallquisdlcat,
609 466 645 526 tlt
655 468 788 527 (trutinet
802 468 907 526 veritas
918 483 977 524 non
1068 462 1111 519 19.
1128 458 1267 534 Dxpellite
1282 475 1350 532 ergo
1366 459 1402 516 de
1417 458 1554 517 cordibus
1568 458 1672 516 restria
1687 458 1821 517 carnales
1839 476 1890 518 co·

122 559 168 613 est
181 555 513 631 lactaperldoysen,qui
524 556 597 615 vidit
608 559 721 615 Deum?
731 560 831 617 statim
841 557 976 628 subiecit,
1032 551 1198 626 gitationas‚
1216 552 1247 605 ut
1261 565 1324 605 vere
1340 549 1406 605 sitis
1416 549 1471 605 sub
1487 547 1591 621 grstia,
1604 548 1679 603 atad
1693 547 1803 605 Novum
1819 549 1891 606 Tes-

122 646 871 721 lteumacmouiditnnquem.Etundainnotuitlloysi
884 652 959 705 Deus
1032 645 1198 697 tomentum
1216 637 1394 709 pertineatis.
1412 638 1479 693 ldae
1503 637 1562 693 uita
1576 641 1684 693 aterna
1708 637 1893 710 promittitur

122 735 195 803 Quia
210 735 347 792 revolavit
367 752 449 792 serto
464 753 518 793 suo
540 738 689 795 Dominus.
716 738 787 802 Quis
812 735 980 795 Dominus?
1034 730 1064 786 in
1085 729 1164 789 Novo
1179 728 1377 785 Testamenta.
1394 726 1491 800 Legite
1505 726 1595 784 Vetus
1618 727 1854 796 Testamentum,
1866 732 1895 785 et

124 823 188 897 lpse
199 824 341 894 Christus,
354 825 403 898 qni
415 826 556 897 promisit
565 827 669 900 Legem
686 843 737 901 por
749 843 875 896 sorsum,
889 830 921 882 at
934 841 980 880 ee·
1034 819 1131 876 videto
1142 819 1212 890 quia
1223 817 1332 875 carnali
1343 817 1439 873 adhuc
1453 816 1562 890 populo
1574 832 1608 873 ea
1618 818 1739 889 quidem
1751 818 1887 891 praecipio

124 911 198 969 niret
225 913 287 984 ipse
302 930 368 969 curn
384 912 484 971 Gratia
498 918 527 971 ει
549 916 677 972 varitate.
698 920 785 971 Deum
801 915 879 971 anim
899 929 979 970 eremo
1035 909 1142 966 bantur
1158 924 1223 983 qua
1239 906 1333 964 nobis.
1345 905 1420 963 Nam
1436 922 1528 963 unum
1545 907 1636 963 Deum
1647 906 1754 977 colere,
1766 913 1794 964 et
1809 906 1895 964 nobis

122 1001 195 1059 vidit
209 1019 342 1074 anquam.
355 1003 478 1060 arundo
493 1003 535 1059 illi
550 1010 785 1077 servoquanrum
802 1019 980 1076 apocopen·
1035 997 1214 1071 precipitur.
1231 997 1289 1054 lion
1303 995 1424 1070 decipies
1438 997 1467 1051 tn
1483 1011 1585 1052 nanum
1599 1010 1698 1053 nomen
1719 995 1832 1053 Dentini
1846 996 1897 1053 Dei

124 1100 170 1148 aet
182 1092 342 1164 apparuit?
356 1093 410 1149 Sed
427 1092 599 1165 nniecnituc,
616 1095 723 1167 inquit.
741 1094 829 1152 Fr'tiuc
843 1095 940 1166 enicat
952 1095 982 1150 is
1034 1088 1088 1158 tat,
1102 1092 1132 1144 st
1149 1086 1233 1144 nobis
1252 1085 1440 1159 praecipitur:
1457 1087 1536 1158 qnod
1549 1090 1595 1142 est
1609 1084 1774 1144 secundum
1791 1102 1896 1159 prece·

123 1180 187 1236 εἰπε
201 1181 304 1251 Patria,
313 1180 372 1252 ipse
385 1183 536 1238 enarrant.
551 1183 624 1250 Quid
636 1187 726 1253 εει,ιέ
740 1186 804 1241 sinu
818 1183 912 1241 Patris
926 1184 980 1240 tln
1036 1176 1251 1251 ptumlibrcruc
1264 1175 1336 1232 diem
1351 1174 1471 1244 subbati,
1489 1174 1584 1249 magis
1601 1175 1686 1232 nobis
1703 1174 1893 1249 praecipitur:

124 1271 235 1326 secreto
250 1268 422 1327 Patris.Non
437 1272 515 1328 enlm
530 1272 607 1330 Deus
620 1273 705 1331 babet
721 1275 829 1345 sinum,
839 1275 917 1332 sicut
929 1289 981 1330 nos
1036 1265 1306 1340 qaiaspirituallter
1316 1265 1529 1322 observandam
1541 1264 1895 1338 precipiturdndaalenim

126 1357 267 1415 babemus
281 1361 312 1415 in
335 1360 472 1428 vestibus,
496 1369 548 1418 ant
563 1363 735 1438 cogitandus
749 1368 794 1421 εει
818 1364 860 1421 sio
882 1363 983 1420 sedare
1037 1357 1180 1416 serviliter
1208 1357 1365 1414 observant
1379 1356 1456 1414 diem
1477 1357 1601 1428 sabbati,
1617 1358 1654 1415 ad
1682 1357 1841 1430 luxurium,
1858 1358 1895 1415 sd

125 1446 273 1518 quomodo
284 1463 349 1514 nos,
360 1448 493 1506 autlorte
506 1449 619 1508 cinctus
630 1456 715 1509 estut
729 1455 828 1510 sinum
843 1451 981 1509 heberet:
1037 1448 1219 1507 ebrietatem.
1235 1450 1347 1515 Quanto
1363 1450 1470 1505 multus
1493 1447 1609 1505 lomina
1623 1466 1724 1507 eornm
1740 1448 1839 1507 lanam
1852 1450 1896 1508 la·

125 1535 177 1593 sed
192 1537 263 1609 qnia
277 1536 360 1594 sinus
371 1538 559 1597 nosterintus
573 1545 628 1608 ost,
640 1548 783 1601 secretum
796 1545 889 1602 Patris
899 1542 983 1601 sinus
1036 1543 1244 1612 carentonam
1260 1539 1311 1595 illo
1326 1538 1373 1597 die
1389 1538 1418 1596 in
1435 1539 1589 1597 maenianis
1600 1539 1760 1597 ¹saltarent
1772 1540 1787 1597 i
1799 1540 1893 1608 Absit,

127 1622 219 1680 Petris
231 1630 360 1684 vocatur.
378 1628 408 1683 ln
429 1633 542 1685 secreto
568 1629 674 1696 Patris,
690 1631 740 1705 qui
762 1632 875 1689 Patrem
892 1631 982 1700 novit,
1036 1629 1151 1700 iratres,
1167 1637 1196 1686 ut
1216 1628 1282 1686 illos
1297 1628 1423 1686 dicimus
1438 1630 1593 1688 observare
1615 1630 1784 1687 sabbatum.
1802 1629 1896 1702 Spiri-

127 1714 191 1789 ipse
205 1717 360 1773 enarravit.
376 1717 447 1775 Nam
479 1721 562 1777 Deum
577 1738 652 1780 nemo
675 1722 745 1780 cidit
762 1739 895 1796 aequem.
919 1721 984 1796 lpse
1036 1719 1154 1777 tunlitar
1169 1718 1305 1777 observat
1318 1719 1478 1776 sabbatum
1490 1719 1680 1792 christianus,
1697 1719 1892 1779 abstinenssa

127 1819 196 1877 ergo
210 1805 335 1875 renitet
350 1809 478 1866 narravit
487 1810 631 1884 quidquid
642 1813 722 1869 vidit.
733 1812 807 1879 Quid
819 1814 891 1871 vidit
902 1812 983 1886 bloy-
1037 1807 1073 1865 ab
1088 1823 1175 1881 opere
1189 1806 1297 1866 servili.
1312 1807 1387 1876 Quid
1403 1811 1448 1865 est
1470 1808 1550 1865 enim
1566 1810 1602 1866 ab
1616 1824 1704 1884 opere
1729 1807 1859 1867 cendit
1874 1811 1897 1866 a

125 1890 323 1967 milloysss
337 1895 408 1953 vidit
423 1897 538 1969 urbem,
548 1899 620 1956 vidit
635 1900 851 1972 angelumvidit
866 1902 981 1976 ignem:
1037 1902 1166 1973 peccato.
1180 1899 1215 1954 lit
1235 1899 1314 1956 unde
1336 1898 1525 1972 probamus?
1544 1898 1704 1957 Dominam
1720 1899 1869 1972 interrege
1886 1915 1894 1957 ι

127 1981 224 2039 omnis
237 1981 290 2040 iila
302 1989 437 2043 εεεειεει
450 1991 497 2044 εει
510 2004 520 2056 ;
544 1991 645 2062 typum
659 1989 779 2047 Domini
792 1990 840 2048 ssi
850 1990 982 2062 fluebat,
1035 1991 1138 2048 onir
1149 1989 1199 2062 qui
1213 1989 1283 2058 lectt
1296 1996 1450 2061 peceatum,
1460 1994 1604 2046 εενεεεεει
1613 1990 1718 2063 peccati
1731 1990 1820 2062 (toan.
1835 2005 1896 2058 urar,

128 2086 187 2130 non
207 2072 303 2147 ipsius
320 2074 434 2133 Domini
451 2079 636 2149 presentiam
661 2082 825 2140 exhibebat.
851 2080 983 2154 Namque

128 2166 229 2236 aperto
244 2163 335 2222 babes
353 2165 382 2222 in
399 2166 485 2239 Lege,
501 2168 537 2225 Et
552 2169 716 2242 loquebatur
728 2170 827 2243 Ιεεεεε
854 2188 917 2228 casm
932 2171 983 2228 Do·

130 2256 221 2324 natac,
236 2265 333 2313 conus
349 2259 379 2312 ia
389 2268 486 2315 contra
496 2260 684 2319 sicutumicns
694 2279 756 2319 oum
766 2262 855 2320 amico
869 2277 928 2321 suo.
941 2262 985 2318 So

132 2344 230 2417 queris
253 2346 348 2417 ipsam
363 2347 555 2420 Scriptorum,
571 2356 600 2407 et
615 2351 728 2410 invenis
741 2352 859 2427 Moysen
884 2352 986 2411 dicen-

130 2439 200 2502 tem,
215 2433 247 2490 Si
261 2437 355 2492 inueni
369 2437 491 2510 pretione
506 2440 536 2496 in
553 2446 695 2515 conspeetu
710 2446 765 2511 tna,
786 2442 896 2500 ostende
913 2439 987 2498 mitri

128 2523 247 2592 uincam
261 2527 421 2595 manifeste,
437 2536 466 2585 nt
485 2529 595 2587 videone
619 2537 655 2589 te.
670 2534 706 2590 Et
729 2550 832 2605 parum
855 2538 899 2590 ast
919 2532 987 2606 qnia

128 2612 204 2671 dixit
220 2630 228 2671 :
244 2629 417 2688 responsum
448 2619 571 2692 accepit,
588 2622 646 2678 Non
668 2627 744 2695 potes
768 2622 859 2680 uidere
884 2623 988 2694 sociem

128 2718 222 2759 mcum
245 2702 348 2775 (Ecod.
377 2723 477 2776 xxxnr,
500 2710 543 2779 lt,
561 2710 604 2779 13,
617 2711 675 2784 20).
700 2712 885 2786 Loquebalnr
908 2730 986 2786 ergo,

130 2792 234 2849 tratres
250 2794 319 2864 mei,
334 2809 400 2852 cum
418 2796 517 2871 Moyse
531 2800 661 2873 angelus,
681 2806 801 2874 portans
813 2807 914 2876 typum
932 2809 987 2861 Du·

131 2882 203 2939 mini
216 2896 225 2938 c
240 2885 269 2938 et
283 2883 333 2939 illa
350 2887 446 2941 omnia
463 2903 529 2961 ques
544 2889 583 2946 ibl
599 2906 649 2963 par
664 2892 800 2965 angelum
817 2897 986 2965 factasunt,

132 2964 258 3029 lotarum
283 2972 368 3032 istam
395 2977 516 3048 gratiam
542 2981 742 3040 alacritatem
769 2985 987 3056 promittebant.

130 3060 185 3125 Qui
200 3061 274 3119 bene
289 3071 459 3124 scrutantur
484 3070 600 3143 Legem,
621 3078 765 3131 noverunt
780 3091 787 3131 ε
804 3079 834 3131 ει
849 3091 915 3132 oum
935 3092 987 3148 op·

131 3159 289 3227 portunum
306 3168 359 3230 εει,
376 3166 408 3217 ut
422 3167 450 3219 et
466 3179 519 3221 noa
534 3165 643 3238 aliquid
659 3167 727 3225 inde
742 3167 885 3238 dieamus,
900 3187 990 3242 quan·

131 3250 196 3304 tum
212 3246 354 3305 Dominus
370 3252 486 3324 revelat,
503 3271 561 3311 non
573 3259 703 3315 tacemus
718 3256 856 3315 Charitati
875 3264 988 3317 vostrae.

124 3396 127 3403 ,
169 3337 213 3396 te.
235 3337 309 3395 illud
325 3344 421 3398 autern
438 3343 548 3412 sciatis,
563 3346 633 3418 qnia
649 3347 749 3405 omnia
763 3351 989 3423 unacorporall-

132 3433 177 3485 tar
189 3427 250 3484 uisa
265 3432 346 3496 sunt,
362 3446 419 3487 non
431 3436 514 3490 erant
529 3432 578 3490 ills
592 3436 757 3493 substantia
770 3438 829 3495 Dei.
846 3438 896 3496 illa
910 3440 988 3497 enim

132 3516 210 3575 oculi
229 3518 326 3575 earnis
339 3520 468 3579 videmus
484 3540 492 3581 :
508 3523 559 3581 Dei
574 3527 741 3585 substantia
763 3529 840 3586 unde
854 3529 990 3587 videtur?

134 3607 324 3682 Evangelium
341 3608 501 3687 interroga:
519 3614 601 3671 Beati
614 3618 720 3674 mundo
734 3618 836 3683 corde:
851 3618 919 3692 qnia
933 3619 991 3693 ipsi

135 3696 224 3756 Deum
240 3698 376 3758 videbunt
389 3702 494 3773 (ltntttc.
503 3720 532 3772 v,
545 3704 584 3778 8).
602 3702 730 3764 Fuerunt
743 3708 875 3766 homines
890 3708 990 3783 (niqui

134 3788 263 3845 dicerent
277 3790 402 3849 venitote
419 3793 464 3849 sui
478 3794 575 3852 cordis
591 3796 713 3869 decepti,
730 3797 814 3856 Pater
834 3799 991 3857 invisibilis

135 3882 190 3946 est,
206 3877 296 3936 Filius
311 3885 411 3937 autem
423 3883 549 3940 visibilis
562 3890 616 3942 cst.
630 3886 709 3945 llndo
724 3888 872 3946 visibilis?
885 3889 915 3947 Si
927 3906 992 3963 pro·

135 3972 417 4042 pterearnem,quia
435 3975 565 4047 suscepit
585 3992 718 4048 carnem;
739 3978 989 4043 manifestumest.

136 4056 180 4115 llll
195 4059 274 4116 enim
290 4060 340 4131 qni
353 4077 471 4120 carnem
484 4064 590 4122 (ibristi
601 4066 746 4137 uiderunt,
755 4068 843 4142 aliqui
860 4069 993 4127 crodide-

136 4153 217 4218 runt,
233 4149 323 4223 aliqui
350 4153 578 4214 crucifixerunt:
595 4162 623 4214 et
648 4158 697 4229 qui
725 4159 922 4229 crediderunt,
939 4160 990 4217 illo

136 4237 275 4297 crucifixo
291 4244 478 4300 mutaverant
488 4260 495 4315 ;
505 4250 533 4301 at
544 4244 601 4302 nisi
615 4247 709 4318 ipsam
726 4251 791 4321 post
807 4249 993 4307 resurrectio-

137 4343 204 4386 nem
220 4333 384 4404 palparent,
396 4332 468 4392 tides
483 4336 519 4392 ad
534 4352 584 4393 eos
600 4353 657 4393 non
674 4346 863 4396 revocaretur.
879 4339 910 4396 Si
924 4357 993 4415 ergo

138 4429 255 4495 propter
269 4439 385 4481 carnem
398 4424 520 4483 risibilis
536 4425 639 4498 tritum
656 4433 746 4489 atnoe
757 4430 993 4502 concedimns‚at

137 4515 182 4568 est
196 4512 338 4570 catholica
353 4514 425 4573 tides
442 4532 450 4574 :
466 4516 490 4573 ai
516 4522 614 4575 antam
630 4524 696 4577 ante
715 4536 831 4578 caraem
847 4521 923 4579 sicut
936 4521 994 4596 ipsi

138 4601 250 4672 dicunt,
265 4604 295 4661 id
312 4608 365 4675 ast,
381 4610 536 4679 antequam
552 4609 765 4679 incameratam
779 4610 904 4669 multum
919 4612 993 4670 deli·

139 4696 214 4763 rant,
230 4699 259 4751 ει
270 4696 393 4755 multum
405 4702 515 4757 errant.
528 4700 615 4758 Facta
629 4701 706 4758 enim
718 4706 788 4759 sunt
803 4700 852 4758 illa
866 4702 994 4761 visibilia
1019 4762 1027 4776 ,

138 4783 326 4854 corporaliter
341 4800 391 4856 per
406 4795 577 4857 creaturam,
592 4789 741 4862 inquibus
754 4796 840 4864 typus
855 4793 993 4849 ostenda·

139 4876 234 4930 retur:
251 4887 310 4929 non
327 4873 428 4946 ntique
442 4876 603 4933 substantia
619 4879 680 4949 ipse
696 4878 950 4936 demonstrabatur
964 4884 993 4936 et

140 4961 392 5022 manifestabatur.
404 4965 439 5021 lit
455 4964 509 5021 boc
533 4967 661 5022 attendat
672 4966 804 5023 claudias
820 4971 915 5025 vestra
930 4969 994 5027 lone

140 5053 348 5111 documentum
360 5057 381 5112 ¹.
391 5055 541 5126 Sapientia
551 5056 601 5112 Dei
612 5055 701 5113 videri
714 5058 807 5115 oculis
819 5074 875 5115 non
888 5063 994 5132 potest.

139 5144 265 5215 Fratres,
281 5146 305 5202 si
334 5146 468 5204 Cbristua
497 5146 645 5220 Sapientia
675 5147 734 5218 Dal,
763 5153 792 5206 ει
818 5150 917 5208 Virtus
941 5150 991 5209 Dei

139 5235 164 5306 (1
178 5238 241 5294 cor.
258 5253 279 5307 r,
293 5237 360 5310 21);
377 5237 401 5294 si
416 5237 550 5295 Christus
574 5237 700 5296 Verbum
716 5238 765 5297 Dei
783 5261 790 5309 ;
806 5242 925 5299 verbum
943 5243 995 5300 ho·

141 5322 230 5472 mm}
240 5326 332 5384 oculis
348 5345 404 5387 non
419 5328 545 5396 videtur,
565 5329 692 5387 Verbum
708 5327 758 5386 Dei
782 5331 872 5388 videri
888 5332 930 5390 aio
945 5348 994 5406 po·

140 5418 200 5472 test

173 5580 183 5616 ¹
198 5580 261 5631 llas.
278 5579 408 5644 plerique.
426 5581 479 5634 tene
493 5584 695 5636 documentum:
710 5584 778 5637 torte
791 5599 850 5651 pro,
866 5584 941 5636 ινεεε
955 5586 998 5636 do·

142 5650 299 5695 οιεεεειειεει.

172 5706 210 5771 (ε)
223 5704 325 5759 Αειεει.

1037 2078 1094 2150 ut).
1110 2078 1185 2151 Ergo
1200 2080 1229 2134 et
1244 2077 1329 2134 nobis
1344 2078 1512 2151 precipitur
1526 2078 1717 2151 spiritualiter
1730 2079 1913 2136 obseruatio-

1039 2167 1166 2227 sabbati.
1180 2167 1247 2226 Jem
1263 2166 1315 2225 ilia
1329 2169 1430 2226 omnia
1439 2174 1584 2243 precepta
1594 2169 1678 2228 nobis
1688 2168 1782 2240 magio
1792 2170 1893 2242 proci-

1039 2258 1172 2334 piuntur‚
1188 2262 1217 2315 et
1235 2259 1416 2316 observanda
1429 2265 1500 2317 sunt
1515 2277 1524 2319 s
1538 2261 1598 2318 Non
1617 2259 1730 2331 aare,
1746 2260 1806 2317 tion
1827 2275 1896 2316 rna·

1039 2347 1173 2419 cieberis,
1189 2348 1246 2405 Non
1261 2349 1409 2420 scruteris,
1423 2349 1481 2406 lion
1495 2349 1600 2421 tabum
1609 2350 1800 2406 testimonium
1813 2347 1897 2416 dices,

1040 2442 1153 2500 donoro
1165 2450 1275 2514 putrem
1292 2449 1319 2499 et
1332 2446 1462 2509 matrem,
1471 2442 1531 2500 lton
1544 2443 1715 2515 concupisces
1729 2456 1787 2498 rem
1802 2442 1900 2511 neui-

1039 2530 1082 2588 uti
1095 2531 1149 2601 tui,
1165 2532 1227 2589 Non
1240 2533 1413 2604 concupisces
1422 2547 1538 2589 uxorem
1548 2531 1670 2603 preximi
1683 2531 1728 2589 tui
1737 2530 1834 2602 (deod.
1850 2547 1899 2599 xx,

1040 2619 1131 2692 ert).
1148 2624 1250 2678 Nonne
1265 2620 1321 2678 ista
1335 2619 1435 2677 omnia
1448 2625 1478 2677 ει
1492 2622 1577 2679 nobis
1593 2620 1825 2694 precipiantur?
1840 2620 1898 2677 Sed

1041 2724 1138 2783 quaro
1154 2709 1330 2777 mercedem,
1341 2712 1371 2767 ot
1385 2708 1566 2767 inveniesibi
1581 2708 1702 2767 disistit
1716 2707 1900 2780 expellantur

1042 2799 1142 2857 hostes
1155 2817 1172 2855 a
1187 2799 1259 2856 lacie
1270 2803 1332 2871 tua,
1343 2802 1372 2856 et
1381 2799 1531 2872 accipiatis
1543 2805 1650 2857 terram
1663 2816 1750 2872 quam
1763 2797 1900 2873 promisit

1042 2888 1120 2946 Deus
1141 2888 1275 2961 patribus
1300 2888 1402 2945 restris
1416 2889 1515 2958 (lecit
1544 2906 1622 2959 uvi,
1639 2889 1724 2961 1-13).
1746 2890 1816 2957 Quia
1841 2904 1900 2945 aon

1042 2980 1177 3049 poterant
1192 2992 1295 3050 cupere
1311 2975 1483 3043 invisibilla,
1502 2993 1553 3050 per
1568 2976 1696 3035 visibilis
1711 2977 1897 3035 tenebantur.

1042 3061 1136 3129 Quare
1146 3064 1345 3121 tenebantur?
1357 3061 1399 3121 Na
1415 3065 1530 3137 penitus
1544 3065 1707 3135 interirent,
1722 3067 1753 3121 at
1766 3065 1802 3121 ad
1819 3062 1902 3120 idola

1041 3153 1219 3212 laberentur.
1230 3152 1453 3212 Namdeoorunt
1466 3154 1533 3226 boo,
1544 3155 1648 3213 iratres
1663 3152 1816 3221 mai‚sicut
1829 3152 1901 3226 lagi·

1043 3249 1101 3314 tur,
1114 3244 1196 3301 obliti
1208 3248 1288 3302 tenta
1300 3244 1516 3318 miraculaque
1533 3245 1601 3304 lecit
1610 3246 1688 3304 Deus
1698 3261 1796 3303 coram
1805 3244 1901 3303 oeulis

1042 3349 1154 3390 eorum.
1172 3332 1250 3390 biara
1265 3332 1421 3391 discissum
1438 3337 1483 3392 est
1498 3348 1505 3403 ;
1521 3332 1568 3391 via
1584 3333 1660 3392 lacta
1686 3338 1731 3392 ast
1743 3333 1775 3390 in
1794 3331 1901 3398 medii.

1043 3421 1197 3492 buetibus;
1209 3429 1366 3496 sequentes
1377 3423 1583 3481 bosteseornm
1593 3421 1797 3497 eisdamaquis
1805 3422 1901 3496 operti

1043 3519 1122 3579 sunt,
1138 3527 1189 3585 per
1204 3529 1277 3584 quas
1293 3512 1335 3569 illi
1351 3511 1529 3570 transierunt
1545 3512 1645 3586 (tzod.
1660 3528 1717 3582 nra,
1733 3513 1831 3584 st-al)
1848 3528 1857 3569 ι
1872 3515 1903 3569 ει

1045 3617 1112 3659 cum
1131 3601 1244 3676 Moyses
1260 3601 1347 3660 bomo
1363 3602 1414 3660 Dei
1439 3601 1608 3660 recessisset
1620 3604 1657 3659 ab
1672 3602 1766 3661 oculis
1785 3617 1901 3669 eorum,

1044 3694 1155 3752 idolum
1171 3695 1330 3767 petierunt,
1341 3699 1369 3751 et
1385 3695 1541 3753 dixerunt:
1558 3699 1612 3754 tec
1626 3694 1705 3752 nobis
1715 3694 1777 3752 deos
1790 3695 1840 3767 pai
1853 3708 1903 3750 aec

1043 3788 1175 3857 praeeunt,
1191 3785 1256 3856 putu
1273 3782 1324 3841 itte
1335 3783 1413 3842 ιεεεε
1427 3785 1540 3842 dimisit
1554 3801 1612 3842 nos.
1628 3785 1702 3842 Tota
1716 3799 1784 3857 spes
1798 3799 1901 3841 eorum

1046 3873 1075 3930 in
1091 3872 1211 3931 bomine
1226 3873 1320 3946 posits
1334 3881 1405 3940 erat.
1421 3889 1479 3931 non
1495 3874 1524 3931 ln
1539 3873 1608 3932 Deo.
1621 3873 1694 3931 Dece
1708 3876 1843 3931 mortuus
1857 3875 1905 3930 est

1046 3961 1150 4019 bomo:
1163 3964 1307 4036 numquid
1319 3966 1454 4020 mortuus
1467 3967 1513 4020 ast
1526 3963 1603 4021 Deus
1616 3962 1664 4036 qui
1681 3966 1794 4020 eruerat
1808 3963 1906 4019 coede

1045 4055 1124 4108 torra
1137 4052 1277 4124 AEgyplit
1295 4052 1329 4109 El
1340 4069 1408 4109 cum
1418 4052 1555 4111 iecissent
1570 4052 1627 4110 sibi
1636 4052 1792 4124 imaginem
1805 4050 1904 4124 vituli,

1045 4139 1250 4208 adorauerunt,
1266 4148 1292 4198 ct
1304 4141 1449 4210 dixerunt,
1459 4142 1493 4198 lli
1506 4148 1571 4198 cunt
1584 4142 1626 4198 dii
1641 4142 1692 4212 tui,
1707 4140 1804 4206 lsrael,
1815 4139 1864 4213 qai
1879 4143 1906 4196 te

1046 4226 1235 4285 liberaverunt
1249 4228 1281 4285 de
1306 4236 1383 4286 terre
1397 4231 1514 4304 AEpypti
1534 4229 1584 4298 (td.
1609 4245 1696 4298 xxxii,
1714 4230 1785 4298 14).
1811 4229 1902 4294 Quam

1046 4319 1103 4375 cito
1118 4318 1201 4376 oblili
1213 4326 1270 4376 tam
1288 4319 1496 4377 manifestam⁸
1521 4319 1644 4394 gratiam
1660 4319 1668 4375 l
1695 4319 1808 4388 Quibus
1836 4333 1905 4391 ergo

1046 4409 1142 4466 modis
1157 4414 1307 4468 teneretur
1321 4408 1446 4483 populus
1460 4409 1540 4482 talia,
1557 4410 1612 4467 nisi
1627 4408 1784 4483 promissis
1799 4423 1907 4466 carna-

1047 4499 1150 4556 libus?

1081 4589 1173 4646 20.Ea
1188 4589 1377 4662 ibijubautnr
1388 4589 1419 4646 in
1435 4590 1574 4664 decalogo
1585 4589 1668 4664 Legis
1679 4605 1743 4661 qus
1757 4595 1786 4645 et
1800 4587 1905 4657 nobis;

1047 4679 1098 4737 sed
1114 4696 1172 4736 non
1187 4695 1221 4737 ea
1237 4681 1452 4754 promittuntur
1466 4697 1530 4754 qua
1547 4677 1821 4751 nobisttobisqnid
1836 4693 1906 4749 pro·

1047 4767 1200 4826 mittitur?
1214 4768 1279 4826 Vita
1294 4773 1411 4828 aeterna.
1432 4771 1492 4827 llaec
1507 4777 1548 4828 cst
1563 4777 1653 4827 cuum
1669 4771 1726 4827 vitu
1739 4771 1860 4836 nelma,
1876 4769 1908 4822 at

1046 4863 1210 4932 capnoccunt
1221 4867 1248 4916 te
1258 4877 1345 4917 unum
1359 4877 1454 4918 vnum
1467 4862 1565 4927 Deum,
1576 4866 1602 4917 ct
1611 4876 1693 4932 paena
1703 4858 1807 4916 nctus·
1815 4859 1908 4915 tecum

1049 4949 1189 5007 Christum
1215 4952 1443 5023 (tocn.xv11,3t.
1470 4951 1603 5025 Cognitio
1632 4950 1683 5007 Dei
1703 4948 1907 5022 promittitur:

1047 5037 1114 5113 lpaa
1129 5044 1175 5097 εει
1192 5041 1287 5111 gratia
1301 5056 1353 5112 pro
1377 5040 1480 5113 gratia.
1499 5040 1625 5104 Fratres,
1650 5038 1735 5096 modo
1750 5038 1909 5107 credimus,

1049 5145 1107 5186 uon
1123 5131 1278 5188 videmus:
1304 5147 1357 5203 pro
1381 5130 1438 5187 ista
1462 5129 1520 5186 ilde
1545 5130 1698 5204 premium
1721 5126 1789 5200 erit,
1810 5125 1911 5184 cidere

1048 5220 1125 5292 quod
1141 5219 1451 5278 oredimusttoveram
1462 5218 1745 5294 bocPropheta,sed
1760 5217 1910 5276 occultum

1050 5314 1111 5367 erat
1120 5312 1275 5381 numquam
1286 5309 1408 5367 veniret.
1416 5308 1490 5368 llam
1502 5309 1621 5382 quidam
1634 5307 1787 5382 suspirans
1796 5310 1912 5364 amator

1050 5399 1080 5455 in
1095 5398 1222 5457 Psalmis
1237 5400 1296 5457 ait:
1311 5399 1399 5457 Unum
1411 5399 1482 5473 petii
1498 5399 1654 5471 ebornino,
1669 5400 1740 5456 nunc
1756 5395 1910 5470 requiram.

1083 5527 1093 5565 ί
1108 5523 1187 5584 adiri,
1195 5524 1338 5578 neomeniis
1348 5531 1491 5592 :corrupte
1503 5540 1561 5591 pro,
1571 5525 1724 5587 metente,
1735 5525 1808 5592 qnod
1826 5524 1913 5575 nostrl

1052 5600 1147 5639 omnes
1161 5587 1223 5638 llas.
1234 5588 1392 5653 praeierunt.
1404 5590 1539 5642 liaciano
1552 5595 1657 5641 εειεεεε
1669 5594 1767 5641 vocam
1775 5588 1912 5652 pociolos.

1052 5664 1101 5703 seu
1114 5650 1256 5703 domorum
1269 5650 1383 5705 εειεείε.

1083 5710 1185 5779 Ἐιιιι
1203 5714 1382 5778 manticam.
1397 5716 1460 5769 ιιεε.
1476 5728 1580 5781 omnes,
1592 5716 1774 5779 manifestum.
