3952 6150
66 166 143 222 asse
826 163 1023 224 ιιιιιιιιιιι.
1706 146 1777 233 sesa

65 287 215 372 ignorarit
230 302 310 344 eum.
327 286 444 346 Sciebat
463 289 544 345 enim
559 302 640 355 erim,
655 288 708 347 sed
724 304 762 347 an
777 289 894 363 ipsees-
948 295 1005 356 eat,
1021 290 1183 349 nescimus.
1200 290 1326 363 Spiritus
1340 295 1441 350 autem
1454 294 1624 351 sauctusde
1637 296 1713 354 arelo
1723 313 1774 354 ve·

65 366 189 434 set,an
211 359 325 416 donum
358 360 405 415 Dei
427 357 497 442 olim
524 360 659 417 Patribus
679 361 895 434 repromissum
947 363 1002 430 nit,
1025 365 1103 419 sicut
1119 363 1260 434 legimus,
1284 368 1316 420 ut
1336 363 1490 420 credentes
1513 365 1669 425 illuminet.
1697 371 1775 436 Ouo-

64 433 290 514 ministraturus
304 436 391 494 esset,
408 431 559 488 nesciebat
571 449 578 488 :
589 432 645 488 hoe
661 434 808 504 estquod
825 439 894 491 tuae
948 433 1040 491 modo
1054 450 1126 504 ergo
1140 435 1325 506 quibusdam
1349 435 1466 493 videtur
1485 436 1522 491 da
1547 438 1655 508 Spiritu
1671 446 1774 499 sancto

65 521 96 562 se
117 504 254 560 didicisse
269 502 434 584 profitetur,
451 519 521 560 cum
537 503 608 558 vidit
623 505 651 560 in
668 520 737 560 eum
753 505 893 577 Spiritum
948 504 1132 563 Salvatorem
1148 507 1270 571 dixisse,
1285 505 1411 577 Spiritus
1431 506 1477 562 uli
1498 507 1555 563 uult
1569 509 1670 580 spirat,
1685 517 1709 566 et
1729 527 1776 567 ro·

65 574 266 633 descendisse.
289 575 336 630 Src
350 575 430 629 euim
447 590 478 629 se
503 591 521 630 a
542 577 601 631 [leo
623 576 798 632 instructum
823 575 895 632 dicit
946 593 999 633 cetu
1015 579 1072 649 ejus
1087 577 1178 647 audis,
1200 578 1245 634 sed
1260 579 1346 632 neseis
1367 577 1439 633 uude
1454 579 1557 644 reaiat,
1572 580 1612 635 rel
1632 598 1682 652 quo
1702 580 1775 639 eut?

63 650 208 709 loannes,
232 645 318 716 Super
331 663 418 717 quem,
443 645 493 712 ait,
509 646 612 702 uideris
633 646 768 717 Spiritum
788 646 892 702 desera-
947 664 1015 705 oum
1032 655 1148 705 constet
1162 648 1290 718 exempli
1306 664 1398 705 causa
1417 649 1550 707 locutum
1566 652 1623 707 hoc
1643 650 1776 710 salvato·

64 720 171 776 deutera
184 722 210 773 et
232 724 384 772 rucueutern
398 734 480 788 super
493 734 563 781 eum,
585 719 640 788 ipse
661 718 759 790 estqui
774 717 893 789 baptizat
947 735 1019 776 reru.
1035 721 1166 792 benique
1181 720 1318 790 subjecit,
1334 720 1378 775 Sr'e
1391 728 1438 786 est,
1453 720 1561 793 inquil,
1572 724 1658 778 omnis
1672 724 1718 795 qui
1729 740 1775 779 re·

64 792 95 847 iu
108 790 218 861 Spiritu
227 795 329 843 saneto.
344 791 403 844 lioe
414 791 505 844 etiarn
516 790 676 860 Apostolus
690 796 891 846 contestatur:

64 864 135 918 Dico
147 861 230 925 euim,
240 860 345 932 iuquit,
359 859 499 916 Christum
510 861 668 916 ministrum
681 861 768 929 luisse
778 862 893 917 circum-

65 934 179 989 cisionis
191 939 304 1002 propter
318 933 458 986 ueritatem
473 931 533 993 Dei.
561 933 596 986 ad
616 932 813 1004 confirmandus
831 949 894 1004 pro-

65 1005 206 1061 missiones
221 1005 336 1059 Putrum
351 1003 440 1073 (Rom.
463 1020 511 1068 xv,
527 1003 567 1067 Sl.
583 1005 644 1059 Hoc
657 1005 686 1058 in
702 1020 763 1075 quo
779 1004 894 1060 nescie-

65 1078 119 1134 bat
140 1075 300 1131 Dominum
320 1075 450 1130 loannes
470 1076 634 1145 :quamvis
651 1074 730 1130 enim
754 1075 890 1145 magnili-

66 1148 197 1205 centiam
209 1146 274 1215 ejus
289 1161 350 1201 uon
362 1146 521 1214 ignoraret,
534 1146 590 1201 boc
604 1151 704 1203 tamen
718 1145 801 1203 latuit
810 1162 890 1214 aum,

64 1219 139 1293 quie
175 1232 206 1273 ει
220 1217 320 1289 ipsum
336 1216 411 1272 tides
425 1217 550 1273 hbrahae
565 1216 719 1289 implenda
728 1221 801 1272 erat.

102 1233 215 1346 Ltrh-
234 1287 263 1345 Si
279 1287 430 1361 Baptisma
445 1287 563 1368 celeste
579 1288 754 1360 mysterium
771 1292 824 1355 est,
840 1303 893 1344 cur

66 1359 229 1417 Nicodemo
255 1375 325 1414 cum
349 1359 386 1414 de
412 1361 563 1430 Baptismo
591 1359 737 1416 dubitanti
762 1359 892 1430 loquitur

67 1432 223 1498 Dominus,
250 1429 284 1487 Si
303 1431 457 1495 terrestria,
488 1431 594 1502 inquit,
616 1430 678 1486 dici
696 1431 778 1495 vohis,
791 1437 816 1486 et
839 1447 893 1486 uou

64 1503 189 1631 cJeditis,
215 1501 343 1644 ᾳιιοριριιο
369 1503 393 1558 si
419 1501 514 1557 disere
539 1501 612 1558 vohis
635 1502 751 1558 ειιιειιι
777 1501 893 1558 credetis

66 1579 158 1647 (oua.
173 1590 210 1637 ιιι,
229 1578 261 1629 ta

103 1645 157 1713 Qui
172 1644 359 1716 Baptismum
370 1647 455 1714 putat
467 1644 580 1700 carnali
591 1644 706 1700 ratione
720 1645 891 1710 consistere,

64 1716 114 1773 hic
129 1721 248 1772 nonest
268 1714 453 1787 spiritualis:
470 1730 525 1772 nee
542 1716 654 1773 donum
675 1716 793 1773 coeleste
830 1720 893 1771 ote-

64 1789 102 1844 rit
118 1787 269 1859 consequi,
285 1787 380 1858 quise
395 1802 453 1842 noo
470 1803 521 1859 ρει
535 1803 659 1859 aquam,
673 1788 723 1842 sed
735 1803 788 1860 ρει
822 1787 892 1842 dem

66 1859 221 1915 immutari
239 1873 300 1913 non
325 1857 436 1913 credat.
463 1864 548 1931 Aqua
569 1860 648 1915 enim
675 1859 814 1925 cernitur,
838 1856 892 1913 sed

65 1931 118 2013 qui
134 1946 194 1986 non
221 1929 338 1986 videtur
362 1930 486 2000 Spiritus
502 1936 653 2001 operatur,
669 1936 701 1987 ut
716 1930 790 1985 tides
804 1931 833 1985 in
856 1945 892 1986 eo

65 2007 112 2059 srt.
127 2001 202 2068 Quia
214 2000 288 2057 sicut
303 2001 406 2057 sordes
419 2016 579 2071 corporeas
600 2017 693 2072 equa,
710 2001 751 2059 itu
765 2001 892 2074 Spiritus

64 2073 200 2129 animam
218 2070 313 2129 abluit
328 2088 345 2128 a
361 2074 490 2144 peccatis
506 2095 512 2134 ς
529 2077 562 2127 ιιι
584 2073 739 2144 quomodo
762 2072 892 2129 visibilia

66 2144 248 2209 visibilibus,
263 2144 346 2200 itaet
360 2143 565 2214 spiritualibus
581 2145 675 2216 prosit
689 2145 815 2217 Spiritus
830 2160 836 2199 :
856 2159 891 2200 ao

67 2231 120 2289 per
132 2215 189 2272 hoc
203 2213 365 2288 spiritualis
379 2214 454 2271 ratio
471 2215 591 2271 vertitur
604 2216 634 2271 in
649 2217 810 2287 Baptismo.
825 2216 892 2271 Plus

66 2288 148 2344 enim
162 2291 206 2344 est
234 2286 275 2342 ibi
301 2286 383 2358 quod
398 2285 529 2353 auditur,
547 2302 637 2360 quam
653 2287 736 2369 quod
763 2286 890 2342 videtur.

66 2358 142 2415 Cum
157 2358 228 2414 hino
250 2373 322 2428 ergo
336 2357 515 2414 Nicodamus
528 2358 641 2414 carnali
660 2363 822 2414 instructus
842 2373 891 2413 ra-

66 2431 148 2488 tione
160 2428 320 2493 dubitaret,
333 2429 465 2485 Salvator
481 2434 511 2485 ut
522 2445 591 2487 eum
605 2429 643 2485 ad
659 2428 749 2485 fidem
764 2429 892 2485 attrahe-

67 2506 112 2558 ret
130 2500 269 2573 exemplo
284 2515 356 2556 usus
376 2506 419 2557 εει
430 2516 572 2571 congruo.
584 2505 615 2556 ut
625 2501 664 2557 ad
679 2516 741 2556 reru
755 2499 891 2556 invisibi-

67 2572 127 2629 lem
153 2571 337 2627 flrmandam
365 2571 477 2629 visibile
500 2572 583 2629 daret
598 2571 777 2643 exemplum,
807 2571 890 2643 quod

67 2645 133 2701 solo
147 2643 252 2699 auditu
265 2643 411 2711 consistit,
425 2658 485 2700 non
500 2644 575 2710 visu,
587 2649 616 2698 ει
629 2658 687 2700 nou
704 2647 829 2713 negatur
842 2659 848 2698 :
862 2646 891 2699 et

64 2721 107 2771 εει
130 2720 232 2770 tamen
257 2718 417 2778 terrenum,
433 2715 505 2788 quia
521 2714 627 2771 mundi
649 2730 710 2770 rem
732 2720 886 2785 operatur.

63 2788 195 2853 aitergo
222 2786 365 2842 [lominus
391 2785 428 2842 ad
445 2786 640 2842 Nicodemum
664 2784 821 2841 suadendo
839 2784 888 2851 illi,

62 2858 185 2929 Spiritus
200 2857 248 2912 uhi
259 2857 315 2912 uult
330 2856 429 2927 spirat,
444 2866 468 2914 et
490 2875 576 2914 uocem
593 2858 649 2928 ejus
663 2857 751 2924 cudis,
767 2864 792 2912 et
808 2856 890 2911 reseis

62 2929 134 2985 uarie
156 2929 247 2985 veriat
262 2928 302 2984 uel
316 2945 366 2999 quo
380 2935 431 2984 eut.
458 2929 503 2985 Sic
517 2933 554 2985 est
574 2928 661 2984 omnis
674 2930 721 2999 qui
738 2928 891 2983 renascitur

62 3017 97 3056 ee
106 3016 177 3072 aquo
192 3003 216 3054 et
228 2998 337 3071 Spiritu
350 3008 441 3055 screto
457 3016 468 3057 .·
483 3005 514 3056 ιιι
527 3000 682 3071 quomodo
699 3015 756 3055 vox
772 3000 890 3055 venien·

63 3071 101 3128 tis
116 3070 249 3144 spiritus,
264 3072 360 3140 idest,
376 3072 466 3143 venti,
481 3072 601 3128 auditur
616 3071 749 3143 quidem,
764 3086 823 3127 non
838 3086 891 3126 au·

64 3147 124 3201 tem
137 3141 264 3209 videlur,
276 3142 353 3198 sicut
366 3142 478 3199 dictum
490 3148 534 3199 est
546 3160 553 3210 ;
565 3142 608 3199 sic
619 3147 647 3198 et
659 3141 733 3198 ratio
746 3140 890 3215 Raptis-mi

62 3214 185 3271 auditur
206 3214 288 3286 quod
304 3214 431 3280 dicatur,
445 3220 545 3271 tamen
561 3213 715 3285 quomodo
736 3214 820 3284 pers
844 3212 891 3268 iri·

62 3289 127 3342 tum
146 3285 407 3349 bunuariorum
424 3285 544 3342 auditur
563 3290 745 3341 tamencum
783 3300 811 3339 ιιι
848 3284 890 3340 lu·

61 3361 164 3413 turum
186 3361 232 3413 εει
246 3356 284 3412 ab
307 3357 411 3428 coqui
427 3357 516 3413 rerba
531 3357 673 3422 insinuat,
698 3300 888 3427 praedicatur,

63 3428 174 3485 utheri
195 3427 334 3484 credatur
356 3428 438 3500 quod
460 3428 589 3495 auditur,
611 3443 670 3484 nou
699 3433 798 3483 tamen
814 3426 890 3483 ratio

62 3498 133 3556 lacti
147 3498 300 3555 reddatur.
315 3502 389 3557 Cum
400 3505 499 3556 aulem
516 3514 571 3554 nec
584 3514 636 3571 per
657 3498 827 3569 exemplum
844 3497 890 3552 Ni-

62 3571 209 3627 codamus
222 3570 380 3627 duceretur
400 3570 438 3626 ad
453 3570 556 3638 iidem,
574 3575 642 3625 tunc
656 3569 771 3626 audivit
785 3584 803 3624 a
823 3567 890 3625 Sal·

63 3647 177 3708 valore,
193 3640 223 3696 Si
236 3642 390 3705 terrestria,
404 3642 511 3715 inquil,
526 3641 591 3696 diei
601 3640 685 3709 rehu,
701 3648 725 3696 et
735 3657 788 3695 coa
801 3640 890 3695 credi-

63 3714 101 3770 lis
116 3713 266 3786 ;quomodc
279 3714 305 3769 si
327 3714 423 3769 dicero
436 3713 507 3769 uulsis
520 3712 645 3776 celestio.
667 3712 781 3768 credetis
802 3713 816 3768 ι
832 3713 892 3768 lsla

65 3785 158 3842 verba
172 3791 289 3842 terrena
307 3785 388 3850 dixit,
403 3801 470 3856 quae
485 3783 523 3840 ad
549 3783 721 3853 exemplum
746 3782 888 3856 protulit:

62 3855 185 3922 hocest,
202 3856 228 3912 si
243 3872 296 3928 per
305 3857 452 3914 rationem
467 3862 626 3920 terrenam,
639 3855 746 3938 inquil,
763 3853 892 3925 exempli

63 3926 136 3987 dati.
151 3927 284 3999 spiritus,
298 3928 327 3984 id
342 3936 395 3996 est,
410 3929 499 3991 venti,
509 3943 569 3982 nou
582 3926 703 3982 credilis
714 3941 800 3996 posse
815 3924 889 3992 lieri,

63 3999 139 4071 quia
152 4000 307 4072 quomodo
331 3999 392 4064 hat,
413 4014 474 4056 ιιοιι
488 3997 629 4064 ιιιιιειιιι;
653 3997 808 4071 quomodo
827 3995 891 4052 lieri

63 4075 189 4143 poterat,
203 4075 235 4126 ιιι
249 4070 274 4126 si
285 4069 388 4126 darem
405 4070 535 4126 coelestia
545 4069 693 4134 exempla,
709 4085 777 4140 quae
789 4068 891 4139 ulique

64 4140 195 4211 nescitis,
213 4141 400 4198 crederetis?
424 4141 524 4197 Potest
538 4142 617 4196 enim
632 4139 748 4196 bomini
771 4139 890 4195 suaderi

62 4212 148 4339 guod
164 4213 266 4281 nescit,
282 4228 336 4284 per
352 4213 383 4268 id
396 4213 478 4284 quod
495 4211 549 4268 scit
565 4227 572 4278 ;
587 4217 618 4267 ut
635 4216 708 4283 puta
730 4210 805 4265 Deus
820 4211 891 4266 dicit

85 4298 101 4339 ε
115 4283 241 4349 Christo,
256 4284 339 4356 quod
361 4283 449 4339 Filius
468 4284 534 4354 ejus
549 4285 588 4339 sit
602 4299 699 4346 varus,
720 4282 802 4353 quod
817 4297 890 4353 quo·

63 4354 157 4411 modo
171 4356 218 4422 sit,
232 4354 445 4426 comprehendi
459 4370 521 4410 non
537 4359 632 4426 polest
646 4370 652 4407 ι
676 4369 728 4425 ρει
742 4354 772 4408 id
790 4358 890 4410 autem

62 4424 145 4499 quod
160 4425 445 4483 scimussecundum
457 4442 578 4482 carnem
592 4424 744 4496 quomodo
757 4424 817 4480 sint
827 4424 890 4483 filii.

62 4496 214 4553 credimus
229 4498 296 4554 ideo
312 4500 404 4554 ileum
420 4497 539 4563 dixisse,
557 4497 687 4554 Christus
702 4495 791 4553 Filius
806 4512 891 4551 meus

62 4573 109 4623 est
123 4584 219 4635 verus,
237 4575 268 4624 ut
281 4568 319 4626 de
332 4569 495 4640 semetipso
515 4568 599 4624 illum
615 4583 682 4624 esse
697 4567 888 4635 significaret.

64 4639 128 4695 Hoc
153 4640 243 4696 modo
266 4645 295 4695 ει
319 4640 503 4697 Salvatorem
549 4639 609 4697 uod
636 4655 690 4696 nec
714 4638 812 4695 verbis
838 4654 890 4694 neo

63 4710 169 4768 animo
183 4711 324 4782 explicari
337 4716 444 4782 potest,
456 4727 509 4782 per
519 4656 548 4766 ih
559 4711 643 4783 quod
656 4709 799 4766 sensibile
810 4715 855 4766 est
863 4713 891 4766 ει

64 4781 189 4838 auribus
205 4782 334 4847 auditur,
352 4783 445 4839 voluit
458 4784 692 4849 commendara;
713 4782 770 4838 boc
784 4787 829 4838 εει
839 4796 891 4853 ρει

62 4853 236 4924 exemplum
254 4853 374 4926 spiritus
388 4854 440 4926 qui
455 4860 499 4910 εει
514 4858 629 4919 ιειιιιιε,
646 4869 736 4925 quem
757 4858 786 4908 et
800 4852 892 4908 seusi-

62 4924 166 4981 bilitas
179 4926 260 4996 capit
272 4929 300 4981 ει
314 4925 395 4982 auris
408 4927 502 4987 audit,
518 4925 571 4981 sed
585 4924 664 4980 unde
677 4925 776 4980 veniat
786 4924 889 4989 nescit,

62 4995 178 5052 lactum
189 4997 314 5068 Spiritus
326 4996 430 5062 sanati,
440 4997 523 5068 quod
534 4996 601 5067 capi
613 5011 673 5051 non
685 4995 892 5063 ροιεει,ιοιιιιι

63 5067 163 5124 ιεεειε
183 5067 333 5125 credibile.
351 5069 408 5125 Sed
430 5074 458 5124 et
487 5069 516 5122 iu
532 5066 651 5124 Actibus
678 5065 891 5137 Apostolorum

63 5137 173 5194 eodem
190 5138 280 5195 modo
304 5139 411 5207 legitur
427 5156 433 5196 :
450 5139 488 5195 Et
511 5140 599 5210 iccius
619 5145 668 5201 est,
684 5138 789 5208 inquil,
803 5136 892 5192 subito

63 5209 96 5265 de
117 5210 180 5265 calo
200 5227 292 5277 sorus,
305 5217 432 5283 tuaquom
446 5209 614 5266 aduenientis
627 5210 744 5280 spiritus
757 5207 855 5274 validi,
867 5214 892 5263 rt

65 5280 180 5352 repleuit
195 5289 279 5338 totum
302 5283 407 5337 domum
432 5282 505 5353 (Act.
523 5300 550 5347 u,
566 5286 605 5350 2),
625 5286 680 5337 etc.
703 5284 774 5336 Ecce
791 5284 892 5351 aperte

945 798 1026 847 uetus
1036 792 1123 864 (uerit
1135 809 1244 863 eraque
1254 799 1280 848 et
1294 791 1402 863 Spiritu
1414 799 1513 848 saucio.
1529 793 1605 858 Ouid
1617 800 1676 850 tarn
1689 810 1774 864 aper-

946 867 1021 928 tum,
1037 863 1109 935 quia
1124 864 1260 934 spiritum
1278 869 1400 918 venturu
1416 863 1595 931 significavit
1606 862 1621 919 ι
1634 865 1691 920 Sed
1706 866 1773 923 ideo

947 940 1052 1006 putant
1065 950 1125 990 nou
1140 940 1260 991 ventum
1277 933 1489 1005 significatum,
1503 935 1575 1008 quia
1589 936 1639 1002 ait,
1652 936 1704 992 libi
1716 937 1772 994 uult

944 1006 1056 1077 spiret:
1072 1009 1157 1079 quasi
1171 1022 1231 1061 nou
1245 1006 1343 1061 omnis
1359 1011 1506 1071 creatura,
1523 1006 1586 1078 lege
1597 1007 1652 1063 sibi
1665 1008 1773 1079 posita,

945 1078 1070 1133 remissa
1083 1078 1119 1133 sit
1133 1077 1255 1133 arbitrio
1270 1078 1401 1148 proprio.
1422 1079 1454 1133 St
1473 1093 1528 1134 nos
1541 1078 1622 1135 enim
1637 1078 1728 1145 imus,
1744 1084 1774 1137 et

947 1147 1075 1205 iacimus
1098 1148 1181 1221 quod
1196 1148 1345 1214 volumus,
1362 1155 1484 1218 agentes
1506 1150 1563 1204 sub
1575 1149 1640 1219 lege
1655 1167 1662 1218 ;
1678 1165 1773 1222 quare

946 1225 973 1274 ει
991 1219 1136 1275 rationem
1153 1220 1375 1291 prestabimus.
1396 1224 1455 1275 Aut
1474 1219 1618 1290 possibile
1639 1225 1770 1293 putatur,

946 1296 975 1347 ει
989 1306 1043 1346 nec
1067 1290 1190 1346 stultum
1214 1289 1330 1346 videtur
1350 1296 1382 1347 ut
1396 1289 1533 1346 effectum
1554 1290 1657 1347 volens
1677 1291 1772 1350 saneti

944 1361 1070 1432 Spiritus
1089 1361 1250 1426 insinuare,
1266 1361 1351 1417 illum
1367 1362 1467 1431 ipsum
1482 1363 1565 1418 daret
1590 1362 1770 1434 exemplum.

946 1432 1039 1503 igitur
1055 1433 1138 1489 omni
1152 1447 1259 1501 genere
1273 1432 1473 1504 questionem
1488 1431 1616 1489 solutam
1632 1433 1770 1491 arbitror.

981 1504 1020 1576 (a)
1035 1503 1120 1569 Quod
1135 1503 1218 1568 dixil,
1235 1503 1270 1560 Si
1284 1503 1431 1559 terrestria
1444 1503 1595 1570 draiuohis,
1610 1511 1634 1559 et
1649 1521 1703 1560 rou
1716 1522 1773 1560 ere·

944 1575 1021 1641 ditis,
1042 1591 1102 1631 uon
1122 1575 1249 1646 pertinet
1273 1576 1311 1630 ad
1334 1573 1519 1645 Baptismum
1543 1574 1638 1647 ;quia
1656 1575 1771 1648 baptis-

947 1663 1030 1702 mum
1046 1652 1180 1703 nostrum
1192 1647 1303 1702 scimus
1318 1661 1382 1701 esse
1393 1646 1557 1718 spirituale,
1571 1647 1773 1718 quamvisper

946 1734 1058 1790 aquam
1073 1717 1259 1773 celebretur:
1283 1716 1336 1771 sed
1353 1716 1427 1772 ratio
1447 1717 1506 1772 illic
1530 1717 1653 1774 vertitur
1667 1720 1773 1775 coeles-

945 1789 992 1846 tis.
1006 1789 1065 1845 Nec
1076 1790 1155 1844 cuim
1172 1803 1253 1859 aqua
1266 1786 1411 1858 purificat,
1426 1788 1480 1842 sed
1494 1788 1678 1844 invisibiliter
1690 1794 1718 1845 ει
1730 1790 1773 1845 in·

945 1859 1252 1931 comprehensibiliter
1276 1862 1362 1915 Deus.
1384 1859 1510 1915 Pertinet
1527 1874 1595 1914 vero
1618 1860 1656 1915 ad
1677 1860 1772 1916 imita·

947 1933 1057 1988 tionem
1071 1931 1134 1988 dati
1148 1930 1287 2000 exempli,
1302 1929 1333 1986 id
1348 1936 1404 1996 est,
1420 1930 1459 1986 ad
1472 1930 1500 1985 id
1513 1930 1596 2001 quod
1611 1929 1694 1994 dixit,
1711 1930 1772 2002 Spi-

947 2003 1017 2058 ritus
1031 2003 1077 2059 ulei
1096 2002 1154 2059 euti
1172 2004 1271 2073 spirat,
1288 2008 1312 2056 et
1332 2018 1418 2057 rerem
1439 2001 1498 2071 ejus
1517 2001 1607 2065 audis,
1627 2001 1672 2056 sed
1686 2003 1772 2057 uersis

945 2074 1015 2130 uude
1028 2076 1129 2139 veriat,
1139 2073 1179 2129 vel
1191 2089 1241 2144 quo
1251 2080 1305 2130 eut.
1322 2072 1376 2128 Per
1386 2073 1444 2128 hoc
1456 2072 1535 2128 euim
1549 2072 1722 2145 exemplum
1732 2073 1771 2129 ad

945 2146 1036 2202 iidem
1057 2146 1252 2202 Nicodemum
1275 2143 1366 2201 voluit
1389 2144 1561 2207 informare,
1587 2149 1620 2200 ut
1638 2145 1773 2201 crederet

945 2218 1061 2274 renasci
1078 2216 1233 2273 bominem
1250 2231 1302 2287 per
1314 2230 1426 2286 aquam
1439 2219 1468 2271 ει
1489 2215 1641 2287 Spiritum,
1656 2231 1718 2272 non
1732 2220 1773 2272 ta·

945 2305 1013 2345 men
1030 2304 1119 2371 posse
1132 2287 1196 2360 oapi
1215 2286 1369 2359 quomodo
1381 2285 1453 2342 fiat:
1470 2285 1503 2341 lit
1517 2285 1597 2341 euim
1613 2285 1772 2357 spirituali·

945 2364 997 2416 ter.
1013 2362 1059 2417 Sic
1078 2359 1158 2416 anim
1177 2358 1309 2431 spiritus,
1323 2357 1381 2413 boc
1395 2361 1439 2413 εει
1456 2357 1535 2413 venti
1551 2373 1655 2413 vocem
1671 2357 1770 2423 audis,

944 2448 1013 2503 quas
1039 2436 1086 2487 εει
1100 2447 1202 2496 sonus,
1219 2429 1271 2484 sed
1295 2428 1392 2485 nescis
1418 2426 1496 2483 unde
1521 2428 1629 2493 veniat,
1643 2428 1692 2485 vel
1710 2444 1772 2501 quo

945 2507 1014 2559 eat:
1031 2503 1073 2558 sic
1087 2506 1115 2556 ει
1129 2517 1199 2558 eum
1209 2501 1261 2572 qui
1273 2499 1450 2564 renascitur,
1463 2499 1619 2569 quomodo
1634 2500 1773 2557 immute-

944 2580 991 2630 tur
1011 2573 1120 2634 nescis,
1138 2576 1238 2628 tamen
1264 2570 1337 2643 quia
1355 2571 1389 2626 lit
1407 2573 1510 2636 santis,
1536 2571 1608 2643 quia
1632 2571 1772 2627 immuta·

945 2646 1055 2702 tionem
1070 2645 1168 2716 ipsam
1179 2642 1283 2699 sentis.
1294 2643 1321 2699 Si
1330 2641 1411 2698 euim
1424 2646 1530 2697 ventus
1541 2642 1590 2698 ubi
1598 2641 1659 2698 vult
1667 2643 1770 2714 spirat,

943 2722 1058 2788 quanto
1074 2716 1171 2777 magis
1186 2713 1311 2786 Spiritus
1325 2713 1377 2785 qui
1394 2712 1432 2768 de
1450 2712 1511 2767 Deo
1526 2718 1582 2779 est,
1604 2729 1695 2784 quem
1711 2712 1773 2770 vult
1880 2714 1883 2721 '

944 2788 1110 2869 sauctilicat
1124 2787 1139 2840 ‘l
1152 2785 1221 2842 ideo
1232 2792 1330 2867 aulam
1342 2784 1424 2849 dixit,
1439 2783 1490 2840 Ubi
1502 2784 1560 2839 uult
1573 2784 1662 2855 spirat
1674 2803 1684 2850 ,·
1699 2784 1772 2866 quia

943 2855 1771 3008 tiittitiiittiiiilslhitt{attulisti

944 3001 1045 3066 istum,
1060 3000 1200 3073 Spiritum
1217 3002 1356 3054 sanetum
1367 3002 1451 3069 putat
1465 2997 1599 3068 intelligi,
1613 3013 1674 3054 non
1690 3001 1770 3057 slat:

943 3074 1056 3144 quippe
1064 3088 1132 3127 cum
1142 3069 1272 3139 exempli
1283 3084 1370 3123 causa
1381 3068 1518 3139 spiritum
1527 3069 1616 3124 istum
1628 3069 1770 3141 posuerit,

943 3159 997 3216 ρει
1030 3158 1097 3198 uem
1109 3140 1316 3215 quoddixerat
1324 3138 1441 3196 renasci
1452 3155 1504 3210 per
1515 3154 1627 3211 aquam
1637 3145 1665 3197 ει
1679 3140 1771 3213 Spiri-

944 3219 1007 3271 tum
1039 3214 1171 3270 ominem
1189 3217 1335 3284 oportere.
1347 3214 1375 3266 et
1390 3225 1408 3265 a
1421 3210 1582 3266 Nicodamo
1598 3226 1658 3266 non
1672 3210 1772 3267 crede-

944 3287 1043 3354 batur,
1053 3284 1202 3341 suaderel.
1215 3286 1288 3339 llam
1298 3281 1400 3352 utique
1411 3279 1492 3337 aliud
1503 3282 1734 3352 estexemplum,
1743 3285 1772 3338 et

943 3357 1023 3414 aliud
1034 3356 1117 3429 quod
1127 3356 1265 3412 firmatur
1276 3352 1424 3424 exemplo.
1437 3353 1465 3408 Si
1474 3367 1545 3423 ergo
1557 3350 1770 3424 inexemplum

943 3423 1772 3498 datusest,uonestSpiritussauclus,mundanusquidi-

944 3494 1774 3565 cilurventus.Voleusenimrationemspiritualemsua·

945 3571 1082 3627 derenon
1090 3567 1396 3632 eredentirtieodsmo,
1408 3565 1579 3635 exemplum
1591 3565 1712 3636 spiritus
1723 3565 1773 3621 de-

944 3643 997 3702 dit.
1011 3647 1042 3698 ut
1052 3640 1292 3712 peripsumratio
1304 3637 1573 3710 etoperatiosancli
1582 3636 1774 3708 Spirituscra·

945 3715 1075 3770 deretur.
1092 3712 1217 3783 Spiritus
1232 3716 1332 3766 tamen
1359 3714 1482 3764 sanctus
1507 3708 1621 3763 scimus
1640 3708 1713 3779 quia
1736 3707 1773 3764 de

945 3785 1021 3842 aoelo
1037 3785 1126 3848 venit,
1143 3787 1175 3838 ut
1188 3798 1218 3837 se
1233 3780 1371 3838 infundat
1396 3778 1596 3845 credentibus,
1616 3778 1691 3835 sicut
1710 3778 1773 3835 lac-

945 3863 1009 3913 tum
1028 3855 1156 3928 legimus
1173 3853 1247 3908 inter
1260 3852 1343 3908 initia
1359 3849 1519 3920 apostolis,
1535 3855 1564 3907 ct
1579 3866 1686 3906 sonum
1701 3855 1773 3906 tuuc

946 3944 1049 4055 rupem
1066 3924 1260 4052 ειρρειιιιριιιι.
1276 3921 1667 4051 ιιιεῐειιιρρηρίρίιίιὲειρῆιθεεὶἒειιι
1686 3920 1773 4049 sulm

958 4015 1073 4055 acures
1120 4012 1353 4053 eeuosousa
1580 4011 1596 4048 u
1656 4011 1728 4049 srrr

944 4000 1041 4127 ζειιιιι.
1059 4070 1144 4125 llunc
1162 4083 1272 4124 sonum
1292 4067 1323 4122 in
1346 4012 1487 4136 hibiscus
1508 4080 1613 4121 vocem
1629 4010 1771 4136 apgellal.

946 4142 1088 4211 Exemplo
1099 4139 1179 4196 enim
1195 4139 1326 4210 spiritus,
1336 4138 1365 4192 id
1381 4142 1425 4192 εει
1437 4137 1526 4198 venti,
1540 4135 1663 4207 Spiritus
1677 4136 1772 4191 sancti

945 4205 1771 4349 ‘'iiiii‘llu‘iillSiliiliiieiaitilil

944 4298 1262 4428 ιθέιιριιιιιῗιιιωιιάυῗιιὶιιοιιιιῐιῗ
1273 4296 1388 4477 aggilus
1398 4349 1486 4404 ualidi
1495 4347 1509 4403 i
1520 4349 1567 4404 Sic
1584 4348 1686 4419 utique
1696 4347 1771 4429 dixit

945 4428 1086 4500 Spiritum
1117 4428 1255 4481 sanctum
1301 4420 1470 4477 escendisse
1487 4424 1515 4475 et
1542 4419 1772 4474 sonuissesrcut

945 4502 1052 4555 ventus
1067 4496 1195 4552 validus.
1211 4493 1298 4548 Hunc
1313 4507 1384 4561 ergo
1399 4492 1534 4563 spiritum
1548 4490 1586 4545 ad
1601 4488 1771 4560 exemplum

945 4569 1035 4625 dedit.
1047 4568 1174 4637 lienique
1183 4564 1234 4629 ait,
1245 4563 1289 4619 Sic
1301 4571 1338 4619 est
1351 4563 1437 4618 amuis
1445 4562 1493 4635 qui
1506 4561 1670 4617 renascitur.
1681 4563 1714 4616 El
1722 4560 1771 4617 bic

945 4642 1025 4766 ιιιιρε
1043 4638 1138 4694 veniat
1153 4636 1303 4692 nescimus
1318 4651 1325 4690 ε
1342 4634 1468 4706 Spiritus
1481 4638 1580 4690 ειιιειιι
1597 4636 1719 4689 sanctus
1734 4631 1772 4690 da

948 4727 1023 4769 eoeo
1040 4708 1131 4765 veuit.

982 4779 1110 4838 hil-Si
1124 4779 1170 4834 lsr
1181 4781 1209 4835 et
1219 4777 1374 4848 Propheta
1391 4775 1528 4850 usquead
1535 4775 1773 4846 loannem,quo·

946 4853 1035 4909 modo
1051 4850 1187 4908 Salvator
1199 4850 1237 4905 ad
1253 4847 1517 4905 sacerdotesmittil
1532 4846 1631 4903 offerri
1647 4862 1774 4903 munera

944 4940 1000 5053 ριο
1014 4921 1229 5052 ειιιρριιτειιοιιε
1242 4919 1332 4993 ιεριει
1344 4919 1449 4991 (ιιειιιι.
1464 4935 1522 4986 viu,
1536 4924 1568 4983 ις
1584 4918 1672 4977 Mare.
1686 4933 1706 4982 ι,
1726 4918 1771 4984 ιι;

968 5012 1033 5053 uer

983 4994 1243 5139 lloc’quhiemnon
1254 5061 1468 5133 fuiltemporis,
1484 5059 1581 5116 sedad
1595 5056 1778 5139 condemna-

949 5136 1180 5194 tionemiactum
1193 5132 1433 5190 estludaeorum:
1448 5138 1478 5187 ul
1495 5147 1563 5187 cum
1575 5131 1706 5186 veritatis
1720 5126 1780 5183 cul·

947 5224 1015 5265 meu
1026 5205 1171 5264 meliorati
1179 5205 1390 5276 temporisuou
1402 5201 1598 5274 intelligerent
1612 5200 1650 5257 ad
1663 5200 1778 5256 luorum

947 5279 1053 5337 salutis
1067 5294 1128 5334 suae
1142 5276 1265 5338 iactum,
1276 5275 1480 5331 inclanaretse
1495 5270 1781 5329 veritasadaccusa-

67 5352 207 5424 exemplo
228 5354 307 5409 venti
324 5354 465 5426 Spiritum
490 5358 629 5409 sanctum
644 5352 777 5408 insinuat
800 5352 839 5408 ita
854 5350 892 5405 de
946 5352 1057 5408 tionem
1072 5363 1189 5405 eorum.
1204 5348 1276 5404 Cum
1288 5345 1454 5402 enimvelut
1467 5344 1550 5411 Legis
1561 5341 1781 5399 inimicumha·

66 5423 143 5481 roelo
156 5423 324 5492 advenisse,
339 5430 368 5481 et
382 5424 529 5486 sonuisse,
546 5423 805 5496 quemadmodum
823 5421 893 5477 vali·
947 5420 1251 5483 bereutSalvatorem,
1261 5417 1332 5489 quia
1342 5414 1554 5472 misericordiae
1565 5412 1778 5470 causaabone-

65 5495 125 5551 dus
140 5503 245 5552 ventus
258 5510 348 5566 super
363 5502 478 5552 terram.
495 5495 757 5551 Namelleremius
770 5500 891 5549 ventum
947 5493 1051 5551 reillos
1065 5490 1149 5555 legis
1163 5486 1425 5552 volabatliberare,
1442 5485 1699 5559 sicutprardietum
1712 5488 1775 5540 erat

65 5567 205 5638 spiritum
225 5573 313 5623 vocat
333 5566 446 5633 dicens,
459 5567 571 5623 Ventus
596 5565 733 5637 spiratio
748 5565 830 5620 ouini
846 5580 893 5620 re·
949 5566 990 5621 ab
1000 5559 1287 5632 ieremiapropheta
1299 5558 1439 5618 :aitenim
1450 5557 1526 5613 inter
1540 5555 1778 5624 caetera,Etduho

66 5639 167 5709 sione·
185 5639 238 5705 Qui
254 5644 412 5711 propterea
426 5638 508 5712 quoa
530 5638 559 5693 in
580 5637 637 5692 hoo
660 5636 774 5692 mundo
789 5641 842 5701 est,
865 5641 894 5692 et
988 5652 1026 5715 ru)
1039 5650 1158 5712 onasus
1169 5648 1261 5699 sarem
1273 5660 1307 5697 ει
1320 5647 1382 5696 uss.
1397 5645 1510 5696 secunus
1525 5647 1641 5711 genuus,
1657 5646 1783 5710 insuper

67 5724 123 5783 per
133 5709 254 5769 diversa
263 5710 468 5768 circumfertur
477 5709 554 5780 loca,
563 5710 643 5766 uude
653 5708 765 5778 veniat,
775 5707 822 5766 vel
832 5722 893 5781 quo
957 5716 1080 5782 vulgatas
1095 5727 1127 5766 er
1143 5712 1219 5763 Novo
1231 5710 1302 5763 Test.
1318 5707 1422 5761 decima
1437 5712 1521 5761 sexta.
