3952 6150
119 240 206 305 1893

117 378 987 445 Deumdeviaibillbusadmonenthumaoammaotem.Ouia

116 471 203 529 anim
213 470 264 530 illa
274 488 333 529 non
345 475 391 529 ast
397 471 465 529 talis
473 470 641 529 substantia
649 486 715 543 quaa
723 468 815 528 videri
822 470 915 528 oculis
923 486 986 543 pos·

115 551 170 621 stt,
182 558 211 610 et
226 551 370 611 miracula
379 553 445 624 alus
460 553 569 627 quibua
582 557 673 611 totam
685 552 829 609 mundum
841 552 915 625 ragit
924 551 987 608 nni·

116 657 292 715 versamque
315 646 479 700 ereaturam
491 642 688 712 administrat,
704 641 880 699 assiduitate
894 643 985 698 vilue-

118 736 202 801 runt,
217 731 259 790 ita
274 736 307 789 ut
317 748 392 806 pane
411 748 499 791 namo
519 734 656 804 dignatur
670 732 817 790 attendere
832 747 920 806 opera
933 730 985 789 Dal

118 821 198 879 mira
209 824 240 879 at
250 821 395 896 stupenda
409 821 439 879 in
455 821 587 895 quolibet
601 821 722 879 seminis
742 837 851 891 grana;
868 837 985 880 aecum·

120 911 194 970 dum
204 910 303 984 ipsam
328 927 413 970 suam
433 913 664 971 misericordiam
689 911 811 970 servavit
829 910 884 968 sibi
903 927 985 986 qua·

120 1002 202 1068 dam,
219 1017 284 1074 que
301 1001 406 1059 lacerat
420 1002 985 1076 opportunotemporapretarasitatum

120 1106 245 1148 cursum
256 1092 447 1166 ordinemque
470 1097 593 1161 natura,
610 1096 643 1149 ut
662 1108 719 1149 non
735 1093 855 1165 majora,
872 1092 922 1149 aad
944 1092 987 1149 in·

120 1178 345 1238 solitavidendo
359 1181 633 1254 stuperent,quibus
647 1180 817 1254 quotidiana
831 1180 985 1241 viluerant.

120 1268 219 1343 llatae
235 1271 313 1328 enim
326 1270 499 1330 miraculum
515 1277 561 1329 eat
575 1273 748 1345 gubernatio
765 1273 854 1329 totius
870 1272 984 1342 mundi,

120 1376 209 1434 guam
222 1361 366 1419 saturatio
375 1363 504 1436 quiaque
515 1362 638 1422 millium
650 1363 804 1420 hominum
814 1363 849 1421 de
858 1364 987 1436 quinqua

120 1452 249 1524 panibus
265 1459 310 1509 :et
320 1456 415 1510 tameo
427 1453 487 1510 hac
501 1470 587 1511 nemo
600 1453 739 1511 miratur:
754 1453 824 1511 illud
841 1454 986 1512 mirantur

121 1541 256 1599 homines
265 1559 323 1600 uon
336 1542 405 1616 quia
415 1545 513 1616 majos
526 1544 641 1612 est,aed
663 1544 732 1616 qnia
743 1561 842 1602 rarum
853 1553 906 1601 est.
917 1544 987 1613 Quia

122 1632 196 1689 anim
214 1636 244 1689 at
259 1649 339 1691 nunc
351 1633 445 1705 pascit
455 1634 624 1693 universum
637 1635 794 1702 mundum,
806 1635 864 1692 nisi
875 1634 924 1692 ille
934 1633 988 1709 qui

122 1721 270 1795 dapauois
293 1721 392 1794 granis
415 1730 526 1794 aegates
549 1722 653 1781 creati
667 1723 746 1781 Peclt
759 1739 826 1796 argo
838 1720 985 1797 quomodo

124 1812 207 1870 Paua.
224 1809 309 1869 Unda
320 1812 398 1871 anim
409 1811 586 1887 multiplicat
595 1812 631 1872 de
639 1814 740 1887 paucis
749 1813 848 1888 grania
859 1819 985 1887 segetes,

125 1900 188 1959 inde
199 1901 231 1959 iu
248 1901 387 1959 manibus
398 1904 459 1961 suis
470 1902 810 1977 ntultiplioavitquinqus
820 1920 920 1977 peaes.
931 1905 983 1961 Po·

128 1996 213 2050 testas
228 1991 309 2050 enim
320 1998 382 2051 erat
396 1995 425 2050 ln
442 1993 714 2052 manibusChrtsti:
732 2011 821 2068 panas
833 1999 931 2052 autam
941 1993 985 2051 illi

129 2084 267 2156 quinqua,
284 2082 368 2157 quasi
383 2084 496 2141 semina
511 2092 603 2155 erant,
619 2101 677 2142 non
687 2084 984 2158 quidemterraman-

130 2174 200 2244 dats,
217 2175 269 2231 aad
299 2174 335 2231 ab
354 2190 388 2232 ao
416 2175 466 2248 qui
494 2178 600 2232 terram
626 2174 694 2232 lacit
709 2172 908 2248 multiplicata.
925 2173 985 2232 lloc

129 2265 352 2337 argoadmotum
367 2269 412 2323 ast
432 2264 581 2336 sensibus,
597 2281 655 2338 quo
676 2266 835 2338 erigeretur
850 2281 943 2335 meos,
957 2270 986 2323 at

128 2353 284 2412 exhibitum
296 2353 391 2413 oculis
406 2355 456 2413 ubi
471 2363 653 2414 exerceretur
667 2355 847 2427 intellectus,
864 2364 895 2413 nt
907 2354 987 2414 invi·

128 2445 240 2511 'thilem
253 2457 344 2511 Deum
352 2470 403 2529 par
413 2453 542 2512 visibilia
553 2470 640 2527 opera
651 2455 836 2525 miraremur,
849 2460 880 2513 at
895 2455 987 2514 erecti

127 2542 158 2600 ad
169 2542 258 2601 fldem
273 2549 302 2600 et
317 2545 430 2618 purgati
443 2560 494 2618 per
510 2544 608 2615 tidem,
619 2545 707 2602 etiam
717 2546 816 2618 ipsum
829 2544 985 2602 invisibili·

127 2636 166 2689 tar
178 2632 278 2692 videre
294 2650 479 2707 cuperemus,
491 2650 577 2707 quem
593 2636 629 2692 da
640 2637 728 2692 rebus
739 2635 904 2693 visibilibus
915 2635 986 2692 invi·

128 2720 240 2779 sibilum
255 2738 456 2781 nosceremus.

132 2900 175 2957 sti.
200 2901 417 2976 interrogemus
446 2903 513 2977 ipsa
532 2904 682 2976 miracala,
700 2906 751 2979 qui
766 2905 848 2963 nobis
862 2905 983 2979 loquan-

133 2992 173 3047 lor
183 2991 220 3049 de
237 2992 352 3051 Christo
368 2994 496 3052 :habant
505 2995 585 3053 anim
596 2995 840 3069 alintalligantur,
852 2997 982 3069 linguam

133 3096 220 3139 eoam.
237 3082 309 3141 Nam
321 3084 461 3157 qciaipaa
479 3084 612 3144 Christus
626 3085 754 3144 Verbum
771 3086 822 3144 Dei
837 3091 892 3156 eat,
904 3086 985 3144 etiam

132 3171 232 3232 lactum
245 3174 342 3244 Verbi,
357 3174 477 3234 verbum
487 3177 570 3234 nobis
583 3181 636 3234 ast.
649 3177 708 3235 lloc
727 3194 794 3250 argo
806 3177 981 3247 miraculum,

135 3262 199 3320 sicut
213 3265 383 3324 audivimus
398 3283 484 3338 quam
497 3283 637 3342 magnum
653 3269 701 3338 ait,
718 3269 980 3342 queramusctiam

135 3368 210 3424 qum
226 3355 404 3430 protundum
421 3359 478 3417 sit:
495 3376 553 3417 non
564 3364 678 3418 tantum
695 3362 758 3432 ejus
772 3360 983 3435 auparllciada·

136 3442 440 3517 immacutatum
470 3451 655 3509 altitudinem
678 3457 906 3523 perscrutamur.
922 3454 981 3510 lla·

137 3532 172 3593 hut
184 3537 263 3596 enim
278 3537 389 3612 aliquid
406 3540 495 3610 intus,
511 3540 567 3598 hoo
577 3542 654 3612 quod
665 3542 888 3600 miramnrlorle
899 3542 980 3599 Vidi-

138 3639 199 3697 nus,
230 3632 427 3702 spectavimus
456 3646 596 3705 magnum
621 3633 774 3707 quiddam,
805 3633 977 3707 praclarum

138 3716 273 3788 quiddam,
289 3723 317 3775 et
336 3718 456 3777 omnino
471 3719 616 3787 divinum.
632 3722 710 3794 quod
726 3721 789 3779 lieri
817 3722 875 3780 nisi
890 3739 907 3780 a
923 3723 980 3782 ileo

138 3815 179 3862 ton
194 3807 289 3880 possit
305 3807 508 3867 :laudavimus
519 3811 555 3867 de
568 3811 644 3868 laeto
656 3811 804 3872 lecturam.
819 3813 873 3870 ead
883 3828 979 3886 quem·

139 3892 281 3955 admodum
296 3898 322 3955 si
338 3897 449 3956 litteras
469 3899 609 3973 pulchras
623 3901 731 3959 alieubi
757 3902 980 3975 inspiceremus,

140 3986 283 4047 connubia
311 3988 462 4048 sullicarat
485 3988 608 4048 laudare
635 3991 789 4065 scriptoris
811 3993 979 4063 articulum,

139 4076 262 4145 quoniam
277 4093 328 4136 aas
347 4077 463 4152 pariles,
478 4081 604 4154 aquales
624 4082 803 4156 decorasque
831 4083 907 4151 iacit,
923 4083 982 4142 nisi

142 4164 212 4225 allam
226 4168 392 4243 legeremus
402 4171 472 4244 quid
489 4172 573 4229 nobis
589 4188 641 4245 per
655 4172 721 4230 illas
736 4173 907 4231 iudicaverit
919 4190 925 4229 :
939 4173 981 4232 its

141 4252 232 4317 tatem
248 4258 304 4318 hoc
319 4261 368 4334 qui
384 4262 635 4335 tantominspioit,
645 4262 803 4322 delectatur
818 4263 983 4337 pulchritu-

143 4342 195 4406 lira
208 4349 276 4409 iacti
292 4355 323 4409 ut
337 4353 500 4411 admiretur
512 4353 653 4411 artilloem
672 4355 741 4429 :qui
755 4359 853 4413 autom
870 4354 983 4414 inlelli-

143 4434 180 4506 p'l,
194 4439 278 4512 qnasi
305 4439 386 4515 legit.
420 4441 510 4501 Aliter
538 4443 616 4501 enim
635 4445 749 4502 videtur
763 4448 887 4518 pictura,
897 4445 983 4506 aliter

145 4523 258 4587 ndentar
283 4528 396 4589 littere.
412 4531 561 4589 Pictorem
586 4549 653 4590 cum
672 4533 793 4607 videris,
808 4534 863 4594 hoc
877 4540 923 4595 est
938 4545 980 4595 to·

148 4616 194 4673 tvm
207 4619 324 4687 vidisse,
342 4620 476 4681 laudasse
490 4621 622 4680 :litteras
633 4639 700 4680 eum
715 4623 835 4696 videris,
850 4642 909 4685 non
924 4626 980 4685 hoc

148 4710 179 4760 ut
190 4710 297 4781 totum,
312 4713 452 4785 quoniam
481 4713 676 4771 commoneris
704 4722 731 4771 at
746 4715 851 4789 legere.
866 4716 981 4775 litauim

150 4790 212 4864 lisia,
226 4815 293 4859 eum
321 4802 429 4861 vidarls
453 4802 577 4870 litteras,
593 4805 617 4861 si
634 4806 708 4864 torte
722 4822 775 4863 nos
789 4822 838 4864 aaa
853 4807 930 4865 nosti
944 4807 985 4865 la-

150 4888 284 4954 tammum
297 4896 434 4964 putamus
444 4909 509 4952 assa
520 4898 596 4967 quod
606 4894 654 4951 hic
663 4895 805 4968 scriptum
817 4896 880 4954 eat?
890 4896 981 4955 lnter·

151 4982 212 5047 togas
221 4980 290 5048 caid
306 4982 355 5053 alt,
371 5000 436 5042 cnm
447 4985 511 5057 jam
523 4986 621 5042 videas
635 4984 754 5058 aliquid.
765 4986 854 5044 Aliud
866 4987 919 5045 tibi
930 4989 982 5046 de-

154 5074 344 5131 monstraturus
355 5082 410 5147 ast,
426 5091 516 5151 aquo
527 5077 634 5149 queris
650 5093 805 5148 agnoscere
820 5078 899 5152 quod
909 5078 982 5136 vidi·

154 5154 186 5210 all.
198 5160 272 5220 llioa
287 5161 335 5221 illa
347 5163 445 5223 oeulos
469 5165 569 5237 habat,
581 5166 653 5224 allos
673 5172 712 5225 tu.
730 5168 831 5226 Nonne
846 5168 983 5228 similiter

154 5244 227 5314 llites
248 5251 439 5312 ridetisiSed
459 5272 517 5314 non
541 5254 677 5314 similiter
696 5258 780 5332 signa
794 5258 980 5332 cognoscitis.

152 5326 182 5391 Tu
200 5354 264 5416 argo
273 5344 357 5401 vides
371 5354 398 5403 et
407 5344 509 5404 laudas
526 5344 594 5403 :illa
604 5347 690 5415 videt,
700 5346 809 5419 laudat,
821 5347 889 5421 legit
898 5357 925 5408 et
936 5350 984 5408 lu·

150 5421 241 5504 telligit.
258 5433 332 5499 Quia
340 5451 406 5509 ergo
414 5436 553 5508 vidimus,
565 5437 634 5511 quia
645 5437 839 5515 laudavimus,
849 5437 983 5515 legamus

149 5514 378 5599 etintelligsmus.

173 5605 196 5666 3.
208 5606 351 5673 bominac
364 5615 394 5675 ln
409 5618 531 5677 moratu
547 5617 642 5679 multa
668 5621 762 5696 magis
785 5622 983 5698 intelligamus

732 240 968 305 ’litteratus
991 240 1095 306 XXlV.
1118 243 1248 311 caput·
1268 248 1307 311 tt.

1819 246 1899 317 iffi

1040 383 1110 456 qnia
1125 384 1269 443 Dominus
1283 386 1312 444 in
1334 391 1433 446 monta
1447 389 1576 447 Verbum
1590 394 1633 447 eat
1648 392 1677 448 in
1689 392 1757 450 ello.
1773 392 1899 452 Proinde

1039 488 1097 530 non
1112 474 1196 547 quasi
1215 475 1364 533 humiliter
1370 477 1450 549 lacet
1464 478 1583 550 quodie
1601 484 1699 537 monte
1710 482 1817 539 lactum
1829 485 1874 540 eat
1888 500 1897 553 ς

1040 580 1092 622 nec
1107 570 1294 624 transeunter
1305 570 1534 639 pratereundum
1545 570 1658 640 est,sad
1667 571 1898 644 suspiciendum.

1040 652 1153 712 'l'urbas
1164 655 1246 723 vidit,
1258 657 1419 716 esurientes
1429 659 1556 732 agnovit,
1565 660 1791 719 misericorditer
1802 661 1897 734 pavit:

1040 761 1098 801 non
1113 746 1208 803 solum
1226 763 1277 820 pro
1301 746 1439 818 bonitate,
1456 750 1658 807 verumetiam
1676 767 1729 824 pro
1745 754 1899 824 potestate.

1039 833 1113 900 Quid
1129 834 1206 893 enim
1221 837 1282 894 sola
1297 838 1448 911 prodesset
1462 838 1649 905 bonitua,nbi
1660 856 1718 897 non
1729 844 1792 899 arat
1803 838 1900 913 panta,

1041 925 1118 982 nude
1134 926 1219 983 turba
1229 928 1360 986 esuriens
1372 930 1563 1001 pasceretur?
1577 929 1638 989 Nisi
1650 929 1773 989 bonitati
1785 933 1900 989 adesset

1041 1019 1179 1088 potestas.
1192 1016 1295 1088 J'ejnna
1305 1016 1356 1075 illa
1367 1019 1454 1075 turba
1469 1023 1498 1076 at
1512 1019 1648 1076 aaurlana
1659 1023 1834 1080 remaneret.
1845 1018 1900 1078 tte·

1041 1105 1129 1177 nique
1144 1109 1173 1162 at
1188 1105 1324 1180 discipuli
1341 1107 1391 1180 qul
1407 1116 1486 1166 erant
1501 1124 1566 1166 eam
1587 1107 1710 1167 Domino
1722 1110 1752 1167 in
1768 1110 1857 1176 lama,
1869 1113 1899 1167 et

1040 1194 1096 1266 ipsi
1107 1195 1204 1251 turbas
1215 1195 1479 1271 volebantposcara,
1492 1203 1586 1256 utnon
1595 1200 1897 1270 remanerentlnauas,

1040 1286 1091 1343 aad
1117 1285 1193 1344 unde
1217 1293 1368 1360 pascerent
1382 1305 1440 1346 non
1455 1288 1612 1347 habebant.
1629 1291 1822 1365 Interrogavit
1838 1290 1900 1349 Do·

1043 1374 1141 1432 minua
1157 1377 1234 1433 uude
1248 1381 1415 1435 amarentur
1438 1396 1529 1451 panea
1552 1380 1589 1436 sd
1610 1383 1710 1437 turbas
1725 1382 1899 1454 pascendas.

1041 1466 1075 1521 Et
1091 1466 1131 1522 ait
1145 1465 1307 1539 Scriptura,
1322 1467 1376 1523 lloc
1389 1475 1481 1524 cutem
1499 1467 1610 1525 decebat
1632 1472 1816 1526 tentonicam
1830 1485 1840 1526 .·
1855 1467 1901 1525 dl·

1041 1553 1187 1620 aoipnlum
1216 1554 1326 1612 scilicet
1351 1556 1529 1630 Philippum,
1551 1572 1637 1629 quem
1662 1557 1900 1631 interrogaverat.

1039 1644 1101 1716 lpse
1114 1646 1189 1701 enim
1206 1646 1311 1702 emetat
1335 1644 1479 1718 puideasat
1497 1646 1639 1720 [acturus.
1654 1646 1704 1703 Cui
1730 1661 1799 1720 ergo
1823 1647 1900 1703 bono

1042 1735 1182 1802 tentabat,
1196 1734 1249 1791 nisi
1265 1735 1336 1809 quia
1347 1736 1544 1809 ignorantiam
1560 1735 1695 1809 discipuli
1716 1736 1899 1794 domonstra-

1040 1822 1155 1881 better
1170 1824 1243 1882 torta
1259 1825 1288 1881 in
1304 1826 1551 1885 demonstratione
1575 1826 1746 1900 ignorantie
1762 1824 1899 1901 discipuli

1040 1912 1152 1988 aliquid
1172 1915 1358 1989 significavit.
1371 1917 1531 1990 Apparebit
1553 1931 1633 1991 argo,
1653 1933 1720 1975 eum
1742 1916 1842 1991 ipsum
1852 1933 1898 1976 aa·

1040 2008 1223 2062 crementum
1236 2004 1272 2062 de
1283 2005 1411 2078 quinque
1426 2007 1551 2078 panibus
1575 2008 1695 2079 ooeperit
1706 2007 1791 2064 nobis
1806 2005 1899 2080 loqal,

1039 2099 1068 2152 at
1083 2095 1153 2168 quid
1165 2094 1309 2168 significat
1323 2095 1452 2153 indicare
1468 2095 1529 2154 :lbi
1543 2096 1623 2154 anim
1637 2096 1802 2155 videbimus
1812 2112 1901 2170 quara

1040 2184 1183 2242 mminus
1198 2185 1227 2243 ln
1239 2185 1294 2242 hoc
1306 2186 1381 2243 lacto
1396 2184 1590 2260 ignorantiam
1607 2186 1743 2260 discipuli
1753 2184 1901 2243 voluitin·

1039 2275 1216 2348 terrogando
1239 2274 1317 2348 quod
1341 2273 1462 2343 solebat,
1478 2275 1641 2333 ostendere.
1656 2275 1729 2332 Nam
1741 2275 1900 2346 interroga·

1040 2379 1107 2421 mus
1117 2364 1274 2437 aliquando
1290 2365 1367 2438 quod
1379 2364 1539 2438 nescimus,
1550 2364 1652 2423 audire
1666 2363 1796 2423 volantes
1807 2368 1839 2421 ut
1853 2363 1899 2421 di·

1039 2469 1176 2524 scamuat
1193 2455 1349 2528 aliquando
1373 2456 1586 2527 interrogamus
1601 2455 1679 2531 quod
1690 2455 1812 2523 scimus,
1823 2455 1899 2514 seira

1039 2544 1168 2602 volantes
1192 2553 1291 2603 utrum
1320 2550 1349 2603 at
1376 2546 1424 2604 illa
1450 2546 1522 2603 solat
1549 2561 1635 2618 quem
1653 2546 1890 2618 interrogamus:

1039 2640 1196 2711 utrumque
1210 2636 1265 2694 hoc
1281 2642 1399 2694 novarat
1418 2635 1563 2693 Dominus
1574 2655 1582 2705 l
1594 2643 1622 2693 et
1640 2636 1717 2708 quod
1734 2635 1895 2709 interroga·

1039 2725 1090 2783 hat
1105 2726 1227 2797 solebat,
1243 2725 1405 2801 quidecim
1416 2728 1494 2784 esset
1504 2726 1633 2783 lecturus
1643 2725 1706 2799 ipae
1721 2728 1840 2783 novarat
1851 2742 1858 2796 ;
1870 2730 1899 2783 et

1040 2815 1094 2873 hoo
1109 2816 1222 2873 nescire
1238 2814 1403 2888 Philippum
1416 2814 1526 2873 sciebat
1536 2813 1679 2872 similiter.
1689 2815 1784 2882 Quare
1798 2815 1898 2888 itaque

1040 2904 1247 2979 interrogabat,
1264 2904 1320 2962 nisi
1346 2904 1417 2978 quia
1442 2904 1523 2961 illius
1554 2904 1748 2976 ignorantiam
1772 2904 1897 2960 damon·

1038 2992 1176 3052 atrebati
1191 2998 1225 3051 st
1241 2994 1295 3052 hoo
1309 3010 1398 3067 quare
1415 2993 1523 3065 lecerit,
1535 2998 1568 3052 ut
1582 2994 1653 3067 dial,
1669 2997 1771 3067 postea
1785 2990 1898 3052 intelli·

1038 3101 1151 3160 gamus.

1073 3178 1100 3233 l.
1115 3176 1237 3234 Andreas
1250 3178 1290 3233 uit
1305 3193 1315 3233 :
1329 3176 1372 3232 liat
1389 3177 1432 3232 laic
1446 3190 1515 3247 puer
1529 3174 1640 3248 gemam
1655 3174 1705 3250 pai
1719 3174 1799 3232 lubet
1814 3177 1897 3250 puia-

1036 3282 1089 3340 paa
1101 3282 1196 3339 panea,
1212 3267 1313 3324 atdans
1322 3264 1435 3338 piacear
1452 3265 1500 3322 sed
1510 3268 1567 3321 tec
1577 3264 1716 3339 gutdaunt
1731 3264 1766 3320 cd
1781 3266 1895 3322 tantos!

1035 3355 1108 3413 (lum
1125 3355 1248 3413 dixisset
1266 3352 1632 3428 Philippusinterrogatus,
1645 3353 1838 3410 ducentorum
1849 3353 1896 3409 de·

1037 3445 1189 3506 uariorum
1205 3461 1297 3519 penes
1308 3461 1366 3502 nou
1377 3442 1524 3511 sulllcere,
1537 3441 1644 3515 quibas
1655 3444 1737 3499 tanta
1748 3441 1896 3499 illaturbs

1036 3538 1214 3604 reticeretur,
1231 3542 1291 3592 arat
1303 3534 1342 3591 ibi
1358 3532 1477 3606 quidam
1490 3547 1563 3606 puer
1573 3534 1693 3604 pontana
1706 3530 1836 3605 quinqua
1846 3547 1895 3604 pa-

1035 3641 1087 3686 nas
1111 3627 1285 3685 hordeaceos
1309 3629 1339 3681 at
1356 3622 1429 3681 duos
1448 3622 1552 3697 pisces.
1576 3622 1609 3678 st
1633 3624 1672 3679 eit
1692 3623 1768 3680 traua
1780 3638 1792 3677 .·
1804 3622 1897 3679 Facite

1034 3720 1159 3779 laninas
1173 3718 1355 3776 discumbere.
1372 3716 1437 3773 lirul
1451 3719 1542 3773 catam
1558 3714 1598 3773 ihi
1611 3718 1709 3788 tenum
1722 3714 1853 3788 maltum,
1867 3717 1895 3773 et

1034 3805 1550 3882 discubueruntsermequinquemillia
1561 3803 1714 3863 laminam.
1722 3805 1828 3880 Accepit
1838 3821 1893 3862 ua·

1035 3904 1091 3960 lam
1106 3901 1239 3958 Dominae
1265 3899 1344 3956 lesus
1370 3913 1467 3972 panea,
1479 3895 1585 3970 prutina
1610 3894 1681 3970 epit,
1692 3893 1795 3969 jussit,
1810 3893 1894 3954 tracti

1036 3997 1108 4053 snut
1122 4006 1223 4066 panes,
1245 3988 1331 4061 positi
1346 3986 1653 4047 antedisoombantaa.
1663 3985 1725 4044 Non
1737 3985 1801 4059 lam
1811 3986 1896 4060 quln-

1035 4100 1093 4157 que
1106 4099 1207 4155 panas,
1222 4081 1273 4138 aad
1298 4080 1376 4153 qood
1400 4077 1555 4151 adjecerat,
1575 4076 1626 4150 qui
1650 4079 1795 4134 creaverat
1813 4076 1892 4150 quod

1036 4176 1158 4232 suetum
1178 4179 1249 4230 erat.
1264 4172 1296 4228 Et
1317 4169 1350 4227 de
1364 4169 1487 4244 piscihus
1505 4174 1638 4243 guantum
1659 4165 1822 4238 sufficiebat.
1838 4165 1893 4222 Pa·

1035 4280 1102 4323 rum
1113 4267 1159 4321 ast
1187 4262 1303 4321 turbam
1332 4260 1413 4317 illam
1438 4258 1529 4316 luisse
1557 4254 1804 4327 satiatam,etiam
1833 4252 1892 4309 lra-

1035 4359 1155 4430 gmanto
1171 4354 1340 4411 resederunt
1356 4355 1403 4408 :at
1414 4350 1478 4422 ipsa
1487 4346 1582 4421 colligi
1590 4346 1677 4418 jussa
1687 4350 1765 4406 aunt.
1778 4357 1814 4400 ne
1825 4357 1893 4415 per·

1035 4445 1131 4510 irent,·
1145 4451 1170 4503 at
1194 4442 1375 4517 impleverunt
1399 4435 1541 4495 duodecim
1564 4434 1694 4507 cophinos
1717 4435 1892 4507 fragmento·

1035 4552 1110 4593 rum.

1071 4624 1099 4680 5.
1114 4622 1244 4681 Breviter
1266 4625 1297 4681 ut
1322 4633 1489 4689 curramus,
1509 4616 1639 4691 quinqua
1668 4629 1759 4689 pansa
1789 4612 1893 4673 intelll-

1036 4717 1147 4787 guntur
1160 4711 1288 4785 ‹painqua
1312 4708 1380 4768 libri
1394 4707 1485 4782 Moysi
1501 4705 1623 4765 :marito
1639 4703 1826 4773 contritical,
1842 4704 1891 4762 sed

1035 4801 1208 4873 hordeacal;
1225 4802 1294 4876 quia
1323 4800 1359 4859 ad
1388 4798 1479 4857 Vetas
1501 4796 1718 4856 Testamentum
1733 4795 1891 4872 pertinent.

1035 4894 1135 4954 Nostis
1148 4896 1247 4950 autem
1261 4890 1404 4949 hordeum
1419 4888 1461 4946 lta
1475 4892 1615 4959 creatum,
1639 4886 1719 4943 atad
1734 4879 1893 4941 medullam

1036 4983 1099 5058 ejas
1112 4983 1160 5040 vis
1182 4980 1384 5055 perveniatur:
1405 4979 1530 5038 vestitur
1543 4976 1622 5034 enim
1647 4974 1747 5032 eadam
1764 4966 1892 5028 medulla

1035 5075 1166 5148 tegmina
1187 5072 1286 5147 palae,
1302 5077 1331 5130 et
1354 5072 1419 5146 ipsa
1440 5068 1523 5142 palea
1545 5071 1630 5125 tauss
1649 5069 1676 5119 at
1689 5060 1844 5125 inherens,
1860 5063 1893 5117 ut

1036 5180 1105 5225 curn
1117 5163 1214 5223 labora
1237 5171 1369 5222 exuatur.
1385 5160 1466 5218 'l'alia
1479 5164 1522 5216 ast
1550 5156 1647 5212 littera
1660 5148 1772 5208 Veteris
1786 5147 1893 5209 'lesla-

1038 5246 1612 5328 manti,vastitatagminlbuscarnalium
1622 5245 1890 5303 sacramentorum:

1037 5348 1088 5407 aad
1103 5347 1129 5405 si
1144 5347 1179 5405 ad
1191 5347 1255 5419 elus
1271 5340 1431 5400 medullam
1442 5336 1637 5412 perveniatur,
1648 5332 1740 5410 pascit
1747 5337 1778 5393 at
1791 5331 1890 5393 satiat.

1037 5436 1159 5497 Panhor
1181 5450 1250 5509 ergo
1274 5447 1347 5505 paor
1367 5428 1486 5503 quidam
1506 5425 1636 5503 quinqua
1663 5439 1755 5501 panes
1775 5428 1806 5483 et
1818 5423 1894 5484 duos

1036 5528 1143 5604 pisces.
1161 5524 1190 5582 Sl
1214 5535 1377 5599 qnanmus
1400 5519 1452 5593 qui
1477 5518 1565 5578 luerit
1582 5532 1654 5595 puer
1673 5515 1739 5590 ista,
1758 5515 1831 5575 torta
1841 5530 1894 5591 po·

1037 5617 1124 5695 palus
1146 5614 1236 5677 lsrael
1254 5617 1338 5676 arat:
1354 5627 1443 5673 mesu
1461 5609 1565 5687 puerili
1580 5606 1725 5687 portabat,
1739 5622 1794 5666 nac
1808 5620 1892 5664 man·
