3952 6150
107 250 185 312 ΠΜ
707 241 937 305 Turullius
959 242 1049 304 XLV.
1073 245 1203 312 CAPUT
1224 251 1260 311 X.
1790 255 1867 317 l'ffl

104 399 176 447 eunt
191 394 287 448 eutem
301 387 439 448 haretici.
456 387 540 444 Forte
554 385 611 459 ipei
626 401 676 457 per
688 384 810 455 Jununm
829 381 959 437 intrero·
1017 382 1120 452 noltie;
1138 385 1178 442 illi
1195 395 1293 445 eutem
1309 388 1456 445 Christum
1471 390 1605 461 negando
1623 390 1760 448 nolebant
1775 392 1865 448 lutre-

104 484 176 536 rnnt
188 480 203 536 t
217 479 308 537 uerit.
322 475 469 535 Sebelliue
483 475 564 541 dicit,
589 474 642 539 Oui
658 472 749 530 Filius
764 476 817 539 est,
833 470 896 545 ipee
914 472 961 528 eet
1015 487 1046 528 re
1061 477 1206 545 terrendi,
1223 477 1274 533 eed
1290 475 1362 533 lorie
1377 491 1528 534 remunero
1540 479 1690 550 perdendi.
1700 480 1783 545 Quod
1797 496 1866 553 ergo

103 569 190 626 Peter
206 586 214 625 :
230 568 280 625 eed
296 568 320 625 ei
345 566 446 633 Filine,
462 581 520 622 nou
543 566 589 621 eet
612 563 707 619 Peter.
727 564 789 617 Nou
806 560 896 616 intret
910 574 960 631 per
1015 577 1068 618 noe
1084 564 1225 622 xudimue
1240 566 1301 623 hec
1320 568 1377 640 ple,
1394 566 1470 639 quod
1488 570 1647 640 untequem
1660 567 1709 625 ille
1723 567 1866 642 intellige·

101 659 224 727 uetium,
240 657 292 730 qni
308 655 415 714 Filium
432 653 505 711 dicit
519 653 646 710 Putrem.
662 651 749 706 Ariue
764 649 833 704 dicit
851 667 858 704 :
875 647 957 704 eliud
1015 666 1089 720 mne,
1107 654 1334 712 credimnevere
1347 672 1411 712 eeee
1422 659 1508 726 etque
1519 656 1627 728 dluinu,
1640 659 1791 731 mugueeb
1802 658 1867 716 ietie

101 751 147 806 cet
161 748 257 816 Peter,
271 745 350 803 uliud
366 749 412 802 eet
426 743 529 801 Filius.
556 742 641 799 Recte
661 741 780 806 diceret,
805 737 829 794 ei
853 738 960 794 diceret
1014 738 1180 801 diuereitute
1195 743 1349 801 dietemue.
1378 745 1451 802 Cum
1475 746 1553 803 euim
1569 747 1627 803 duo
1643 748 1768 806 rudiunt
1782 747 1869 804 verbe

99 838 185 896 ltliue
202 862 211 907 t
226 854 297 905 uon,
309 835 398 893 eliud.
413 836 529 901 Quendc
545 832 623 889 enim
639 830 719 898 dicit,
736 828 831 889 utino,
848 827 873 883 ei
888 842 957 883 con·
1014 829 1171 903 Evangelii,
1188 850 1265 891 nnue
1276 833 1397 907 impiue,
1409 835 1481 891 oller
1496 834 1868 907 piue,etelieeunlutlor·

100 928 219 986 tredicit
232 945 250 985 e
266 944 325 1000 quo
339 926 432 995 eudit,
447 927 502 996 Epo
516 931 542 981 et
559 924 643 979 Potor
657 937 743 978 unum
758 935 854 976 sumus
868 918 957 991 (loon.
1012 923 1042 975 te
1056 921 1143 976 embo
1159 939 1217 978 nou
1228 923 1406 996 intelligent,
1419 939 1494 981 nune
1505 925 1586 988 dicit.
1600 924 1677 982 uiuit
1688 926 1761 983 dlxit
1772 944 1779 993 ;
1791 926 1867 984 eliue

99 1035 131 1086 x,
147 1017 206 1090 30).
223 1016 282 1073 Nec
307 1016 368 1089 ipse
384 1030 452 1087 ergo
479 1029 531 1086 per
555 1012 663 1069 octium
684 1011 773 1066 intrat
790 1024 797 1062 :
823 1007 959 1081 predicet
1013 1007 1094 1076 dicit,
1112 1009 1217 1067 Verum
1234 1011 1317 1080 dixit,
1333 1013 1484 1069 ethorum
1500 1013 1868 1086 oelquoudlxit,eodnoe

98 1108 180 1164 enim
197 1107 344 1163 Christum
355 1105 472 1177 quelem
484 1103 541 1160 eibi
552 1101 645 1174 lingit,
658 1117 715 1157 non
727 1099 843 1172 qnelem
854 1096 959 1153 veritus
1014 1113 1071 1154 nou
1080 1098 1286 1172 intelligimur:
1298 1102 1427 1174 ietequie
1438 1102 1597 1174 creditjem
1610 1103 1867 1179 pulset,etdignue

98 1197 182 1254 dicit.
197 1195 307 1253 Nomen
323 1194 424 1262 hebee,
441 1208 503 1249 rem
520 1208 578 1248 non
594 1190 695 1246 hebee.
709 1188 841 1261 Alieane
856 1185 896 1243 rei
910 1202 956 1242 uo
1013 1193 1054 1244 eet
1064 1188 1112 1244 cui
1124 1191 1316 1261 operietur,ei
1328 1191 1445 1264 puleere
1457 1194 1612 1264 perelelut;
1626 1193 1675 1250 ille
1690 1209 1756 1252 vero
1772 1196 1867 1255 edhuo

102 1300 173 1340 meu
188 1288 231 1340 est
246 1281 401 1339 Chrietue:
416 1285 484 1337 tene
495 1279 588 1351 ipeeru
602 1294 674 1348 rem,
687 1277 709 1333 si
721 1276 764 1332 vie
776 1274 914 1348 prodeeee
925 1274 960 1330 ti·
1012 1276 1106 1344 rudit,
1131 1277 1193 1336 Nini
1215 1279 1397 1348 credideritis,
1421 1296 1477 1337 non
1500 1284 1660 1352 intelliqetir
1683 1283 1758 1354 (isui.
1773 1302 1822 1352 vn,
1837 1289 1866 1354 9,

101 1373 131 1430 bi
147 1388 267 1430 nomen.
282 1371 365 1428 Aliue
381 1368 479 1427 neecio
494 1369 581 1437 uude,
597 1369 672 1425 eleut
686 1365 827 1422 Photinus
845 1381 852 1419 :
874 1363 957 1421 (thri-
1012 1381 1065 1422 sec.
1084 1367 1180 1438 lxx).
1198 1371 1291 1435 Quere
1307 1369 1360 1425 istu
1385 1372 1582 1427 commendo?
1601 1370 1673 1435 Quin
1694 1373 1778 1429 etiem
1800 1390 1866 1433 cum

99 1467 168 1518 etue
183 1462 270 1518 homo
286 1465 341 1529 eet,
357 1458 455 1531 iuquit
470 1475 477 1526 ;
496 1459 571 1515 lleue
586 1473 643 1514 non
655 1464 708 1513 cel.
723 1459 779 1510 Nec
793 1455 855 1526 ipee
869 1453 959 1509 intret
1017 1455 1317 1525 uerbehercobecure,
1327 1457 1403 1515 eicut
1413 1474 1545 1530 poeeum,
1555 1476 1724 1532 exposuero,
1736 1470 1786 1519 eut
1796 1466 1868 1537 quie

100 1567 155 1622 per
170 1550 291 1619 notium,
308 1548 379 1620 quin
407 1546 540 1605 Christue
564 1550 593 1603 et
619 1546 706 1602 homo
721 1548 749 1601 et
764 1543 841 1600 Deue
856 1549 909 1598 eet.
926 1538 959 1596 Bt
1012 1543 1096 1600 uelde
1111 1549 1183 1601 eunt
1197 1546 1307 1616 ebdite,
1322 1546 1365 1602 vel
1383 1563 1436 1621 ego
1450 1564 1551 1604 eornm
1568 1565 1627 1607 nou
1648 1552 1866 1622 apprehendero

98 1641 173 1714 quid
188 1656 263 1712 opue
277 1643 323 1696 eet
338 1637 433 1696 multe
448 1652 625 1711 percurrere,
640 1640 669 1693 et
681 1634 775 1691 multe
784 1650 856 1689 vene
868 1633 959 1689 lraere·

98 1744 169 1786 eum
183 1726 379 1785 enumeraret
393 1726 452 1783 Hoc
469 1730 574 1793 tenete,
586 1723 659 1780 ovile
669 1722 773 1780 chricti
784 1736 848 1779 eeee
859 1719 957 1776 cutlno·

99 1817 190 1877 licem
216 1817 388 1875 Eculeeiem.
415 1817 596 1888 Quicumque
618 1813 681 1870 uult
694 1813 804 1869 intrere
820 1811 855 1868 ed
871 1810 957 1879 ovile,

98 1926 154 1983 per
169 1908 275 1966 octium
291 1907 389 1978 intret,
399 1906 548 1964 Chrietum
564 1919 663 1961 rerum
674 1903 818 1977 predicet.
834 1903 895 1958 Non
911 1917 958 1958 eo·

99 1999 164 2056 lum
181 1999 332 2056 Chrietum
349 2012 449 2054 rerum
474 1994 621 2068 predicet,
644 1993 696 2050 eed
712 1991 817 2049 Chrieti
834 1989 957 2064 glorium

99 2094 226 2161 qumrut,
241 2104 299 2145 nou
315 2103 425 2144 uuum:
449 2100 517 2141 nem
542 2082 628 2140 multi
652 2083 808 2155 querendo
832 2080 956 2155 glorium

98 2195 199 2248 euem,
211 2194 278 2237 oree
293 2177 400 2235 Chrieti
412 2179 583 2249 epureernnt
590 2175 688 2247 potine
699 2189 787 2245 quem
799 2187 958 2245 congrege-

99 2271 219 2328 ueruut.
235 2267 362 2326 Humilie
377 2272 420 2324 eet
434 2265 513 2324 enlm
535 2265 628 2336 ienuu
642 2263 777 2322 Chrietue
793 2262 954 2320 Dominue:

100 2360 152 2432 qui
169 2357 259 2416 intret
273 2374 324 2432 per
338 2357 560 2430 henoleuuem,
575 2356 690 2425 oportet
709 2351 845 2409 humiliet
869 2367 909 2424 ee,
926 2359 957 2408 nt

99 2465 175 2506 eeuo
190 2448 284 2521 oeplte
294 2447 388 2520 poeeit
396 2445 512 2504 intrxre.
524 2443 578 2510 Oui
590 2450 686 2500 eutem
697 2458 728 2500 ee
739 2459 796 2499 nun
808 2440 956 2511 humiliet,

100 2539 153 2595 eed
170 2536 292 2608 extollit,
309 2553 360 2610 per
369 2534 524 2593 maceriem
536 2533 598 2590 vult
612 2533 784 2590 escendere:
798 2531 847 2605 qui
858 2536 955 2589 eutem

98 2644 153 2700 per
168 2625 326 2684 maceriem
343 2623 486 2694 recendit,
503 2623 569 2680 ideo
585 2621 727 2679 excitetur
741 2625 773 2677 ut
787 2620 883 2677 cedet.

135 2718 164 2772 6.
173 2717 260 2773 Teote
269 2719 369 2773 temen
380 2713 473 2771 edhuu
486 2711 615 2785 loquitur
626 2709 765 2766 Domiuue
774 2708 871 2779 Jeeue,
884 2724 959 2767 non-

98 2809 172 2867 dum
182 2805 373 2880 intelligitur:
390 2804 524 2862 nominet
534 2803 653 2872 ortium,
665 2800 797 2858 nominet
807 2799 890 2869 ovile,
903 2817 953 2858 no·

100 2900 307 2965 minutum:
332 2894 520 2953 commendet
546 2893 608 2949 hmo
633 2891 743 2959 omniu,
759 2891 808 2947 eed
825 2891 954 2947 nondum

99 2985 231 3061 exponit.
247 2986 392 3058 Legemue
406 3000 485 3057 ergo,
500 2983 570 3056 quie
583 2986 724 3039 uenturue
737 2984 782 3037 eet
796 2980 832 3037 ud
848 2997 882 3037 ee
896 2996 955 3037 uer·

97 3069 954 3148 buinquibuenohieeliquequmdlxitdignelurexpouere:

97 3181 133 3223 ex
148 3180 276 3238 quorum
286 3163 467 3237 expneitione
477 3160 559 3219 debit
569 3160 654 3218 nobie
670 3159 793 3217 lorteeee
807 3157 895 3216 elium
906 3156 956 3215 illu

98 3271 163 3326 qne
176 3270 235 3310 uon
243 3253 387 3326 exposuit,
398 3249 570 3325 intelligere.
582 3248 679 3307 Peecit
689 3248 767 3305 enim
780 3247 954 3313 munileetix,

96 3349 213 3401 exercet
240 3342 385 3401 obeourie.
412 3342 464 3411 Qui
491 3355 546 3396 eon
562 3341 651 3395 introi
662 3354 715 3412 per
728 3340 827 3395 ostium
841 3340 872 3395 in
886 3337 957 3396 ovile

96 3435 204 3501 ouium,
220 3432 266 3491 sed
280 3431 404 3489 comedit
416 3430 540 3488 aliunde.
557 3428 605 3484 Ve
622 3428 737 3497 mieero,
754 3429 821 3500 quie
834 3444 956 3486 ceeurue
976 3431 982 3441 “

97 3528 144 3581 eet
154 3521 163 3577 l
175 3522 218 3578 eit
230 3536 299 3595 ergo
312 3520 446 3591 humilie,
462 3535 513 3592 per
528 3516 636 3575 oetium
652 3517 740 3573 lutret
758 3532 764 3572 :
782 3517 868 3589 pleno
884 3517 956 3589 pede

97 3610 207 3683 veniet,
234 3614 265 3669 et
284 3625 341 3668 non
365 3609 498 3667 offendet.
515 3607 576 3679 lile,
592 3606 699 3680 inquit,
713 3609 764 3676 sur
777 3615 814 3664 eet
828 3613 854 3664 et
876 3608 955 3665 lotro.

98 3704 174 3762 Oree
188 3719 261 3760 euee
276 3701 338 3759 uult
352 3700 449 3758 dicere
464 3715 531 3757 ovee
545 3697 656 3757 elleuee
672 3713 680 3753 z
700 3696 736 3753 ed
754 3696 809 3754 hoc
833 3714 910 3769 eure,
926 3696 956 3754 id

97 3798 154 3862 eet,
172 3792 252 3849 lurtn
265 3791 388 3860 xblxtee,
405 3805 464 3846 uon
481 3790 514 3844 ut
528 3787 629 3854 eelvet,
640 3786 690 3843 eed
706 3789 738 3842 ut
751 3785 872 3843 occidet.
883 3787 956 3860 llrgo

99 3883 148 3939 lur
161 3888 219 3949 eet,
233 3881 304 3954 quie
318 3880 394 3955 quod
410 3878 537 3935 ulienum
561 3880 617 3944 eet,
642 3891 731 3933 uuum
751 3875 843 3932 dicit:
870 3875 955 3946 letro,

96 3971 168 4043 quie
177 3973 207 4027 et
217 3969 294 4043 quod
309 3973 355 4026 eet
370 3968 492 4038 iuretue,
507 3966 624 4024 occidit.
635 3965 689 4030 Qui
703 3971 798 4022 cotem
809 3967 896 4023 introi
905 3982 957 4037 per

99 4061 213 4130 ortium,
237 4066 331 4132 postor
353 4066 393 4116 est
414 4056 531 4114 coium:
555 4058 617 4112 tute
638 4054 768 4114 ostiarius
791 4056 890 4125 operit.
916 4057 956 4115 De

99 4150 224 4209 oetierio
236 4149 368 4206 ietotunc
382 4162 561 4221 queremur,
576 4146 691 4218 quaudo
702 4146 738 4202 eb
751 4145 815 4218 ipen
831 4146 955 4204 Domino

96 4239 282 4299 audierimus
296 4238 375 4311 quud
387 4238 424 4296 eil
440 4236 561 4307 cellum,
576 4240 605 4293 et
620 4236 669 4308 qui
681 4235 719 4292 eit
734 4243 841 4308 pretor.
854 4237 885 4292 Et
894 4252 955 4294 oneo

95 4346 188 4389 mum
201 4332 264 4401 ejice
278 4327 406 4396 audiunt,
423 4331 450 4384 et
462 4325 590 4400 proprios
605 4341 666 4383 oues
681 4332 757 4382 uocat
777 4328 954 4383 nominatim.

96 4419 193 4476 liebet
204 4418 283 4475 enim
299 4416 419 4475 nomine
435 4431 535 4473 eurum
549 4414 660 4486 scripte
675 4412 704 4469 in
718 4413 792 4471 libro
809 4415 884 4471 rite.
895 4416 955 4472 Pro

96 4508 177 4580 prior
187 4522 248 4564 oneo
259 4507 519 4565 mairomontem.
536 4503 608 4560 ilino
622 4502 694 4559 dicit
707 4502 864 4575 Apoetolne
880 4521 888 4561 ι
905 4505 955 4562 llu-

96 4594 284 4655 ciromines
298 4595 346 4667 qui
368 4600 434 4651 eunt
448 4595 507 4667 ejus
531 4592 566 4663 (ll
585 4593 652 4648 Tim.
675 4608 707 4658 u,
733 4591 787 4664 19).
813 4593 844 4649 Et
866 4593 955 4650 educit

95 4702 156 4744 ece.
170 4686 205 4742 lit
218 4701 281 4742 cum
294 4683 422 4757 proprior
439 4698 500 4741 oues
511 4681 645 4749 emiserit,
663 4683 727 4737 unte
741 4697 786 4737 eu:
811 4683 888 4738 ondit
902 4701 912 4738 .·
930 4692 956 4741 et

97 4790 161 4835 oues
175 4773 259 4831 iilum
273 4782 436 4846 sequuntur,
451 4772 519 4844 quia
534 4773 625 4828 sciunt
636 4786 726 4827 uocem
740 4771 808 4843 ejus.
828 4772 955 4830 Alienum

96 4866 193 4923 were
207 4880 265 4918 eon
278 4869 441 4935 sequemur,
447 4861 494 4919 ced
503 4862 615 4934 lupiuet
625 4859 658 4917 ul
668 4874 714 4927 eo,·
730 4861 796 4933 quio
806 4877 863 4916 noc
873 4879 954 4920 noue-

96 4960 167 5012 rrmt
179 4968 272 5011 vocem
285 4954 448 5011 olienontm.
460 4953 550 5011 'leole
563 4956 633 5010 eunt
643 4952 714 5024 hec,
726 4952 953 5026 plenequuetio·

97 5042 201 5111 nibue,
216 5041 337 5116 gravide
351 5041 551 5100 eeorementie.
565 5046 728 5113 sequemur
742 5058 795 5116 ego
810 5049 837 5100 et
851 5043 954 5100 nudie·

96 5150 168 5191 ruue
182 5134 356 5206 mugietrum
370 5148 405 5189 ex
420 5131 467 5189 hie
481 5130 613 5189 obecurie
628 5130 738 5203 eliqnid
756 5133 931 5202 operientem
945 5151 952 5204 ;

95 5230 126 5283 et
142 5221 238 5296 perid
254 5222 332 5295 quod
348 5222 451 5295 xperit,
468 5237 521 5278 nos
536 5221 609 5278 lorte
625 5219 733 5278 intrere
753 5221 917 5281 seuientem.

132 5317 162 5371 7.
178 5317 237 5372 Hoc
248 5313 425 5386 prouerbium
445 5310 519 5368 dutrii
534 5309 596 5366 illie·
608 5311 683 5368 leem
691 5326 704 5378 ,·
729 5309 777 5366 illi
790 5319 885 5368 cotem
898 5329 953 5371 noo

95 5407 285 5476 coercuerunt
298 5401 368 5475 quid
390 5402 549 5474 loqueretur
562 5403 609 5460 eie.
628 5400 711 5457 Forte
727 5414 780 5457 nec
800 5417 862 5458 noe.
878 5404 952 5471 Quid

96 5511 169 5568 ergo
183 5495 305 5552 interest
322 5492 400 5551 iuter
413 5490 479 5550 illoe
493 5494 524 5549 et
539 5506 602 5558 noe,
618 5494 774 5562 antequem
791 5491 848 5549 ieie
866 5494 954 5551 verbe

95 5598 294 5660 egnuemmne
308 5585 338 5641 et
352 5578 426 5641 noel
439 5579 510 5652 itote
526 5595 580 5640 noe
594 5577 747 5655 puleemue
757 5584 792 5638 ut
805 5581 954 5654 operietur

1012 1633 1246 1706 intelligentium,
1262 1637 1305 1693 uel
1322 1636 1484 1709 explicendi
1501 1637 1579 1712 quod
1595 1639 1727 1712 intelligo
1742 1657 1799 1697 non
1815 1641 1881 1699 be·.
1939 1696 1942 1707 ,

1013 1723 1102 1780 buero
1118 1724 1298 1790 lecultutem,
1314 1725 1357 1780 vel
1380 1729 1436 1781 tem
1461 1726 1549 1783 luerit
1564 1727 1688 1800 quisque
1707 1729 1818 1796 turdue,
1835 1734 1867 1786 ut

1011 1813 1098 1871 etiem
1110 1820 1303 1886 exponentem
1316 1832 1372 1872 non
1385 1819 1537 1888 requetur3
1551 1833 1606 1874 uon
1621 1818 1657 1874 de
1668 1835 1699 1875 ee
1712 1820 1864 1890 desperet:

1013 1908 1128 1961 meneet
1144 1903 1174 1960 in
1191 1904 1258 1973 ilde,
1274 1904 1399 1962 ambulet
1412 1906 1441 1961 in
1453 1907 1509 1975 vie,
1525 1906 1625 1964 eudiet
1636 1908 1809 1980 Apostolum
1821 1909 1865 1968 di·

1011 1997 1138 2063 centem,
1154 1996 1184 2050 ΕΙ
1198 1995 1302 2068 siquid
1316 1996 1398 2053 aliter
1413 1998 1523 2070 sopitis.
1536 1997 1585 2054 ltoe
1596 2000 1783 2072 quoquevolrie
1794 2003 1864 2058 uem

1010 2086 1161 2144 revelabit:
1171 2092 1358 2144 cerumtamen
1369 2091 1398 2144 iu
1408 2089 1479 2161 quod
1490 2092 1676 2162 pervenimus,
1689 2094 1717 2145 in
1728 2105 1758 2148 eo
1770 2093 1865 2151 omiu-

1011 2173 1099 2229 lemuo
1115 2172 1250 2246 (Philipp.
1267 2191 1311 2244 ιιι,
1325 2176 1381 2241 15).

1045 2262 1072 2318 8.
1085 2263 1337 2336 incipiemueergo
1348 2265 1450 2322 eudire
1461 2270 1664 2339 exponentem,
1679 2285 1766 2339 quem
1778 2271 1863 2327 endi·

1010 2350 1105 2408 vimus
1130 2360 1349 2425 proponentem.
1390 2355 1466 2410 Dixit
1493 2371 1556 2428 erqo
1583 2357 1685 2413 {tenum
1708 2358 1748 2415 eie
1766 2360 1861 2417 imus:

1010 2440 1105 2509 dmm,
1122 2458 1201 2498 omen
1224 2442 1285 2500 dieo
1307 2445 1392 2511 coles,
1418 2445 1484 2518 quio
1499 2461 1548 2517 epo
1566 2462 1627 2502 eum
1643 2449 1744 2505 octium
1759 2452 1861 2506 ouium.

1010 2530 1082 2586 Ecce
1096 2531 1193 2604 ipeum
1211 2533 1317 2589 ostium
1333 2535 1409 2606 qnod
1425 2533 1556 2592 cleueom
1574 2541 1721 2608 poeueret,
1738 2537 1861 2609 eperuit.

1012 2619 1077 2692 lpee
1087 2626 1131 2677 eet
1142 2622 1261 2679 oetium.
1274 2623 1464 2695 Agnorimue,
1474 2624 1627 2693 intremue,
1636 2633 1684 2682 eut
1694 2642 1748 2684 noe
1760 2627 1862 2685 iutree·

1009 2724 1042 2766 ee
1054 2711 1241 2783 gaudeamus.
1258 2712 1355 2770 Omnes
1369 2717 1499 2786 quotquot
1512 2723 1655 2784 uenerunt,
1670 2717 1746 2787 (uret
1758 2726 1823 2773 eunt
1837 2729 1863 2775 et

1004 2800 1139 2858 'tomonm
1156 2801 1229 2868 Quid
1245 2810 1288 2859 eet
1304 2801 1367 2874 hoc,
1384 2803 1517 2875 Domine,
1534 2803 1633 2861 Omnes
1646 2809 1776 2879 quotquot
1785 2823 1862 2865 nerm-

1009 2894 1097 2947 ruet?
1123 2891 1197 2955 Ouid
1214 2892 1321 2948 enim?
1347 2897 1379 2948 tn
1409 2909 1467 2949 non
1489 2895 1595 2951 renietl
1609 2896 1624 2951 ‘l
1638 2896 1693 2952 Sed
1709 2895 1838 2971 intellige
1854 2915 1861 2954 :

1011 2980 1110 3036 Omnes
1122 2988 1253 3054 quotquot
1266 2987 1399 3040 uenerunt
1414 2984 1485 3053 dixi,
1501 2984 1602 3057 utique
1617 2990 1721 3057 preter
1735 3003 1791 3044 me.
1805 2987 1862 3045 lie·

1011 3070 1863 3149 columueergo.AnteedueutumipeiueveneruutProphe

1010 3167 1044 3217 te
1062 3179 1070 3231 ς
1085 3161 1226 3233 numquid
1244 3162 1322 3218 soree
1336 3166 1366 3218 et
1381 3161 1508 3220 letronee
1524 3165 1669 3221 luerunt?
1691 3165 1784 3222 Abelt.
1799 3167 1862 3225 Nou

1011 3255 1115 3324 preter
1127 3249 1210 3306 illurn
1227 3253 1378 3317 venerunt,
1393 3251 1462 3324 quie
1476 3268 1544 3308 oum
1555 3252 1604 3308 lllo
1619 3259 1770 3311 venerunt.
1787 3254 1863 3313 Ven-

1010 3345 1096 3398 turue
1112 3356 1256 3413 precones
1267 3343 1410 3412 mittebet,
1428 3342 1477 3398 red
1493 3356 1593 3399 eorum
1609 3343 1698 3400 eorde
1716 3360 1790 3417 quoe
1806 3345 1863 3401 mi·

1009 3435 1100 3500 eeret,
1112 3431 1290 3504 poreidebut.
1300 3431 1394 3488 Vultie
1406 3447 1492 3489 neree
1503 3433 1861 3505 quincumilluvenerunl,

1009 3521 1059 3593 qni
1075 3525 1120 3577 eet
1134 3521 1196 3592 ipee
1210 3520 1349 3593 semper?
1363 3521 1486 3578 curnem
1497 3523 1605 3594 quippe
1614 3522 1725 3596 eooepil
1738 3540 1774 3581 ex
1787 3528 1865 3580 tem·

1010 3624 1089 3684 pore.
1104 3607 1176 3673 Quid
1194 3613 1240 3665 eet
1254 3624 1323 3682 ergo
1333 3610 1471 3683 eernperl
1484 3611 1518 3666 ln
1527 3611 1664 3684 principio
1674 3620 1735 3668 erut
1750 3612 1863 3669 Verium

1008 3698 1099 3771 (toan.
1114 3715 1134 3766 ι,
1153 3698 1190 3770 l).
1216 3701 1287 3755 Cum
1312 3698 1361 3755 lllo
1384 3715 1453 3773 ergo
1474 3703 1628 3771 venerunt,
1653 3701 1701 3773 qui
1717 3718 1784 3758 cum
1799 3718 1862 3759 uer·

1010 3786 1046 3843 bo
1062 3787 1112 3843 Dei
1127 3796 1280 3844 venerunt.
1291 3788 1426 3860 liooeum,
1442 3788 1546 3861 iuquit,
1557 3789 1604 3846 oio
1618 3797 1643 3845 et
1656 3792 1758 3847 veritos
1770 3793 1863 3847 eluite

1010 3877 1062 3949 (ld.
1076 3894 1135 3947 xre,
1153 3878 1193 3950 e).
1223 3878 1252 3934 Si
1281 3877 1345 3950 ipee
1368 3879 1542 3947 potueritne,
1566 3896 1635 3937 cum
1660 3880 1709 3936 illo
1723 3884 1864 3939 uenerunt

1010 3965 1058 4037 qui
1082 3981 1199 4025 vereeee
1221 3967 1347 4026 luerunt.
1371 3971 1518 4041 Quotquot
1547 3985 1616 4042 ergo
1643 3975 1750 4043 preter
1766 3971 1861 4042 illum,

1008 4058 1083 4128 (ures
1097 4061 1123 4113 et
1138 4058 1276 4120 latrones:
1293 4058 1321 4113 id
1337 4066 1389 4127 eet,
1404 4060 1439 4114 ud
1452 4058 1608 4116 lucendum
1619 4063 1647 4116 et
1662 4060 1861 4118 occidendum.
1966 4094 1972 4107 ι

1041 4145 1068 4199 9.
1086 4145 1137 4201 Sed
1151 4162 1207 4203 uon
1223 4146 1372 4202 audierunt
1395 4163 1438 4204 eoo
1457 4164 1527 4205 oues,
1554 4148 1644 4219 llejor
1658 4147 1720 4204 huo
1741 4150 1861 4221 querito

1010 4239 1065 4302 eet,
1075 4251 1130 4292 non
1141 4236 1297 4293 audierunt
1306 4253 1352 4293 eoo
1361 4252 1432 4293 oues.
1441 4240 1516 4292 Ante
1526 4237 1680 4293 edventum
1689 4236 1804 4293 Domini
1816 4253 1862 4294 no

1010 4324 1063 4382 etri
1077 4322 1145 4382 Jeeu
1157 4325 1274 4394 Christi,
1290 4341 1346 4398 quo
1364 4324 1483 4382 humilis
1493 4325 1573 4382 veuit
1587 4327 1617 4382 iu
1632 4342 1730 4396 cerne,
1741 4342 1861 4399 preces·

1009 4418 1112 4470 rerunt
1123 4414 1205 4484 lueri,
1221 4414 1303 4470 eicio
1320 4430 1386 4471 eum
1402 4414 1730 4482 credenteeventurum,
1742 4432 1861 4488 quomo·

1009 4503 1045 4559 do
1062 4517 1115 4558 uoe
1130 4503 1278 4559 oredimus
1292 4503 1323 4558 in
1339 4518 1406 4559 eum
1423 4503 1472 4575 qui
1488 4504 1577 4561 veuit.
1592 4504 1736 4576 'l'eruporu
1750 4504 1862 4562 nemete

1009 4596 1154 4658 eunt,non
1166 4591 1326 4658 lldee.0uie
1340 4598 1369 4648 et
1379 4592 1441 4664 iper
1450 4593 1538 4648 verbe
1549 4609 1600 4665 pro
1611 4601 1740 4667 tempore
1750 4595 1862 4654 veriun-

1009 4685 1065 4751 tur,
1077 4697 1144 4737 cum
1157 4682 1234 4739 vecie
1244 4682 1446 4738 declinentur:
1462 4684 1552 4739 ulium
1563 4700 1669 4741 eonurn
1680 4685 1777 4752 hebet,
1788 4686 1863 4744 Ven-

1008 4775 1171 4840 loncscet:
1188 4771 1280 4829 elium
1295 4789 1400 4829 eonum
1416 4771 1514 4842 hebet,
1531 4774 1616 4830 Venit
1632 4790 1640 4829 ε
1665 4780 1797 4832 mutetue
1817 4781 1861 4834 eet

1009 4878 1110 4928 eonue,
1132 4869 1273 4918 venturus
1298 4867 1354 4930 eet,
1379 4866 1409 4919 et
1428 4862 1530 4918 venit:
1557 4864 1659 4921 endem
1675 4870 1773 4922 temen
1788 4864 1862 4922 lidee

1009 4954 1145 5022 uirosque
1160 4952 1319 5022 conjungit,
1335 4959 1361 5009 et
1376 4968 1426 5009 eoe
1441 4953 1491 5025 qui
1506 4957 1662 5010 venturum
1677 4968 1751 5019 eeee,
1769 4957 1798 5009 et
1811 4969 1861 5010 eux

1009 5040 1059 5114 qui
1074 5041 1264 5098 cumvenieee
1279 5043 1471 5099 crediderunt.
1484 5040 1610 5098 Divereie
1621 5040 1740 5112 quidem
1751 5045 1860 5114 tempo·

1009 5128 1103 5198 ribue,
1118 5130 1167 5186 eed
1183 5134 1325 5202 utrosque
1341 5146 1392 5203 per
1406 5145 1498 5187 uuum
1514 5129 1581 5186 lldei
1608 5129 1731 5196 ostium,
1747 5128 1803 5188 huo
1818 5134 1863 5187 eet

1009 5235 1060 5293 per
1073 5220 1235 5286 curleium,
1251 5220 1382 5277 ridemur
1397 5220 1552 5290 ingressos.
1570 5217 1626 5275 Noe
1641 5218 1788 5275 credimur
1804 5220 1861 5277 lto·

1009 5311 1123 5366 minum
1134 5309 1235 5367 ieeurn
1246 5308 1394 5365 Christum
1407 5319 1507 5365 netum
1518 5324 1553 5365 ex
1562 5307 1692 5379 Virgine,
1703 5309 1819 5367 veuieee
1829 5311 1859 5368 lu

1008 5415 1103 5467 cerne,
1121 5412 1323 5468 peeeumeeee,
1340 5399 1543 5465 recurrexieee,
1555 5395 1700 5455 incolum
1714 5402 1862 5460 ueceudle·

1007 5503 1058 5547 ee:
1074 5490 1170 5543 totum
1179 5486 1245 5553 hoc,
1257 5486 1332 5543 eicut
1342 5487 1429 5543 verbe
1440 5485 1549 5545 uuditie
1560 5488 1698 5559 preteriti
1710 5490 1860 5562 temporie,

1007 5576 1162 5648 impletum
1175 5575 1310 5646 eeeejem
1325 5575 1524 5647 eredimuedu
1538 5576 1602 5649 uiue
1616 5578 1760 5638 euullldei
1771 5580 1862 5638 eucte-
