3952 6150
129 366 206 434 liti
599 367 641 428 itt
661 366 825 429 toenitis
848 363 1113 437 evidentium,
1137 364 1169 426 S.
1193 362 1406 428 tueos'rml
1810 366 1889 430 titt

128 508 196 572 1-4).
208 505 236 562 Si
248 521 304 561 non
317 503 478 560 seeundum
490 500 583 574 legem
593 501 721 573 petieris,
737 516 805 557 rsus
820 501 887 557 eris.
900 499 979 556 Con·
1037 498 1127 557 trehit
1137 515 1244 555 munus
1254 497 1357 554 medici
1369 496 1524 555 artificiose
1535 496 1662 553 senentis
1673 499 1687 555 i
1699 496 1748 555 ille
1758 499 1887 572 olsmnt;

128 598 272 655 tremiscis
288 596 492 667 imperatorem
509 593 603 649 iactus
619 592 708 649 reust
722 590 977 648 offerseoriiicium
1036 589 1084 645 ille
1100 594 1191 646 secut.
1206 587 1338 646 Crudelis
1353 587 1403 661 qui
1416 605 1472 643 non
1484 588 1565 645 audit
1580 587 1768 658 clamantem,
1784 608 1822 648 an
1838 608 1887 665 po·

125 685 312 755 humilitatis,
329 685 400 741 oiier
410 681 588 740 sacrificium
601 681 867 751 misericordia,die
879 680 907 738 in
918 697 979 752 pre·
1034 679 1093 736 tius
1106 678 1271 735 misericors
1282 677 1332 750 qui
1344 675 1447 734 vulnus
1459 677 1643 750 persequitur
1652 682 1685 733 ut
1695 684 1779 736 sanet
1790 697 1886 753 aegro-

126 779 218 838 cibus‚
235 774 354 831 Dimitte
370 771 451 841 mihi,
468 771 607 844 quoniam
623 776 651 828 et
665 787 718 844 ego
733 770 857 828 dimitto.
880 770 935 827 Sed
952 768 978 825 sl
1033 770 1121 825 tum?
1134 767 1210 839 Hoc,
1222 767 1401 833 iratresmoi,
1412 766 1477 823 ideo
1488 767 1557 830 dixi,
1571 782 1607 822 ιι
1622 767 1689 838 quis
1705 776 1818 840 quaerat
1834 771 1888 827 eli·

28 906 31 911 .
126 861 464 931 diois,iac.Quidenim
489 857 977 932 ineturuses,quoitaruses,si
1032 854 1887 931 quidpresterauxiliumDei,quandolorteinaliquacor·

126 955 275 1013 mentibus
289 953 377 1010 lucris
387 950 416 1007 in
428 951 587 1023 precibus?
601 955 664 1006 Non
678 949 822 1022 quomodo
833 947 976 1003 diciturin
1032 948 1162 1017 ceptione
1178 947 1292 1004 Domini
1308 961 1421 1003 sumus.
1434 943 1535 1000 Videte
1546 961 1581 1000 ne
1592 947 1725 1016 pereatis,
1743 948 1837 1006 videte
1848 966 1886 1007 no

126 1046 200 1113 loro,
216 1042 328 1101 carebis
345 1039 486 1098 beneficio
501 1038 653 1110 rescripti3
670 1039 786 1095 seduco
801 1037 976 1109 rescriptum
1032 1038 1068 1094 ab
1083 1039 1164 1110 tigno
1179 1037 1334 1106 recedetis,
1351 1041 1379 1094 et
1393 1054 1409 1093 a
1425 1036 1505 1092 leone
1520 1036 1709 1093 devoremini.

126 1132 307 1207 impetrabis.
323 1130 491 1188 turisenim
503 1128 682 1188 forensisest
697 1128 787 1200 utqui
799 1127 829 1182 in
842 1128 978 1198 precibus
1068 1131 1111 1185 13.
1128 1129 1259 1186 Diximus
1284 1145 1352 1202 ergo
1376 1144 1464 1200 qunre
1489 1128 1559 1183 liora
1583 1129 1715 1184 decima:
1733 1132 1886 1202 sequentia

126 1222 268 1281 mentitus
284 1221 379 1289 luerit,
396 1237 453 1277 non
470 1217 512 1275 illi
529 1221 620 1290 prosit
634 1221 713 1292 quod
728 1218 903 1290 impetravit.
919 1219 975 1276 Sed
1031 1216 1192 1273 videramus.
1210 1218 1274 1273 Erat
1292 1218 1413 1272 Andreas
1426 1219 1515 1285 [noter
1535 1215 1659 1271 Simonis
1672 1217 1751 1273 Petri
1762 1234 1834 1274 unus
1850 1234 1886 1275 ec

125 1313 181 1370 hoo
194 1312 270 1369 inter
280 1311 426 1380 homines,
438 1310 508 1385 qnia
518 1315 613 1384 potest
624 1310 681 1367 lulli
694 1309 798 1380 hnm03
813 1312 906 1384 potuit
917 1309 977 1368 iaili
1030 1306 1135 1362 duetus
1149 1304 1350 1378 quiandiernnt
1364 1306 1398 1361 etr
1408 1307 1523 1372 terrene,
1540 1312 1565 1360 ct
1578 1307 1668 1360 receti
1680 1307 1796 1374 fueraut
1810 1324 1883 1365 enm.

124 1401 292 1477 imperator,
310 1401 426 1474 quando
443 1416 541 1472 preces
557 1400 681 1458 misisti:
699 1400 796 1457 dixisti
812 1399 976 1472 enimquod
1029 1397 1138 1454 Invenit
1152 1397 1196 1453 tie
1214 1396 1355 1453 Simonem
1376 1400 1494 1467 tratrem
1513 1410 1604 1463 suurn,
1620 1401 1645 1451 et
1659 1396 1696 1450 dt
1706 1399 1725 1451 it
1750 1399 1786 1465 ei,
1801 1400 1884 1456 inue-

125 1493 254 1559 soluisti,
270 1499 297 1549 st
311 1491 359 1549 cui
372 1490 484 1561 dixisti,
497 1490 590 1547 nescit
601 1508 636 1546 nn
647 1507 745 1547 rerum
759 1489 976 1559 sit3dimisitte
1029 1491 1123 1544 nictus
1137 1488 1280 1550 licinium:
1295 1487 1365 1559 quoti
1381 1493 1420 1542 est
1437 1488 1647 1558 interpretatum
1659 1486 1791 1546 Christus.
1808 1489 1885 1547 Mes·

124 1581 290 1642 edversario
301 1585 351 1638 tuo
363 1579 675 1648 convincendum,utsi
687 1579 890 1651 antejudicem
906 1596 975 1636 con·
1030 1578 1089 1637 sies
1103 1578 1249 1646 hebreice,
1270 1577 1403 1634 Christus
1418 1592 1507 1647 grece
1522 1580 1576 1644 est,
1592 1576 1682 1633 totins
1703 1577 1823 1635 Unctus.
1840 1581 1883 1636 Ab

124 1673 220 1730 viotua
235 1671 324 1727 tueris
339 1670 375 1726 de
390 1669 553 1738 mendacio,
570 1669 638 1742 quia
658 1684 715 1725 non
736 1669 829 1743 potuit
850 1668 901 1724 ille
916 1668 973 1726 nisi
1031 1671 1166 1726 unctione
1189 1667 1265 1726 enirn
1291 1668 1396 1723 dicitnr
1419 1666 1565 1724 Christus.
1590 1671 1699 1741 Xpiopa
1720 1669 1817 1726 unctio
1836 1673 1883 1727 eat

123 1764 272 1835 prestere,
284 1761 417 1817 nesciens
428 1759 563 1815 uulneris
574 1759 723 1826 mentitus,
736 1758 775 1813 ibi
787 1758 899 1815 carebis
910 1759 973 1831 ipso
1028 1775 1120 1834 grece
1134 1758 1368 1830 ;ergoChristus,
1377 1765 1493 1814 unctus.
1506 1756 1752 1828 illesinguisriter
1761 1766 1880 1833 anetus,

124 1852 265 1909 beneflcio
280 1850 425 1922 rescripti,
441 1866 498 1920 quo
514 1849 674 1920 perduxisti
690 1849 875 1920 rescriptum.
895 1855 973 1906 Deus
1028 1849 1173 1923 precipue
1189 1853 1296 1904 unctus
1312 1865 1318 1916 ;
1340 1848 1414 1904 unde
1426 1864 1528 1904 ornnes
1544 1848 1702 1905 Christisni
1716 1856 1879 1921 unguntur,

123 1945 219 1999 autem
234 1941 283 2012 qui
305 1940 385 1996 norit
405 1943 501 2018 utrum
524 1937 685 2006 mentiaris,
706 1956 742 1994 an
765 1954 864 1994 verum
880 1939 973 2010 dions,
1027 1940 1075 1997 iile
1091 1940 1245 2013 precipue.
1261 1939 1411 2006 Quomodo
1428 1940 1458 1996 in
1478 1939 1593 1996 Psalmo
1609 1940 1688 2007 dicit,
1705 1941 1773 1997 nudi
1786 1958 1793 1997 z
1807 1943 1879 1999 Pro·

123 2047 182 2089 non
197 2030 268 2088 lucit
282 2030 354 2085 utin
368 2028 479 2100 judicio
496 2027 547 2083 tibi
561 2045 615 2083 non
629 2028 739 2101 prosit;
756 2028 804 2085 sed
824 2044 876 2084 nec
887 2029 972 2099 impe·
1027 2039 1119 2102 pterea
1129 2031 1211 2085 unxit
1226 2039 1260 2096 te,
1277 2030 1356 2097 Deus,
1371 2031 1440 2084 Deus
1451 2029 1582 2085 tuusoteo
1594 2030 1798 2097 exsultationis,
1818 2046 1879 2102 pree

124 2125 202 2178 trare
216 2124 245 2176 ts
261 2117 412 2193 permittit,
430 2117 499 2190 quia
514 2134 604 2173 susus
620 2133 651 2173 es
667 2117 783 2174 mentiri
799 2116 921 2172 veritati.
1025 2122 1208 2193 participibus
1236 2120 1291 2176 tuis
1318 2119 1407 2192 (Psoi.
1442 2137 1516 2189 xmv,
1545 2120 1584 2190 8).
1613 2120 1771 2192 Participes
1798 2121 1877 2179 enim

160 2212 203 2269 12.
219 2207 295 2275 Quid
309 2224 377 2281 ergo
393 2208 525 2264 lecturus
540 2206 596 2263 esi
616 2207 661 2262 dic
678 2206 760 2263 mihi.
783 2205 906 2279 implere
928 2204 972 2263 le·
1026 2211 1091 2282 ejus
1105 2227 1205 2269 omues
1220 2209 1333 2279 saneti3
1350 2212 1397 2266 sed
1409 2209 1456 2266 ille
1472 2209 1660 2284 singulariter
1674 2211 1797 2268 Sanctus
1811 2228 1880 2268 san·

121 2317 189 2375 gem
204 2299 329 2358 exomni
344 2300 436 2372 purte,
452 2298 494 2354 its
508 2301 540 2354 ut
555 2298 584 2354 in
600 2295 680 2353 nullo
695 2298 837 2365 offendas,
854 2296 973 2354 diiiioile
1027 2303 1153 2368 ntorum,
1170 2299 1357 2372 singulariter
1372 2308 1485 2368 unctus,
1502 2299 1687 2373 singulariter
1702 2299 1846 2357 Christus.

122 2394 187 2448 est:
207 2391 307 2445 reatus
327 2403 394 2460 ergo
414 2390 509 2443 certus
530 2390 593 2454 sstr
615 2387 742 2443 remedio
763 2385 806 2442 uti
829 2402 886 2442 non
906 2386 972 2443 risi
1063 2390 1108 2446 tt.
1125 2389 1254 2445 diducit
1274 2403 1337 2443 eum
1360 2387 1395 2442 nd
1417 2390 1519 2445 lesum.
1539 2388 1658 2444 intuitus
1681 2394 1774 2445 nutem
1801 2404 1877 2455 snm,

121 2479 205 2549 lices,
222 2479 325 2535 iratres
340 2477 410 2541 mei,
426 2475 509 2548 qunls
529 2477 691 2533 remedium
712 2477 809 2548 posuit
832 2475 972 2534 Dominus
1026 2484 1102 2540 iesus
1121 2480 1203 2546 dicit,
1220 2480 1255 2534 Tu
1273 2495 1302 2535 es
1318 2479 1412 2534 sitnon
1434 2478 1511 2549 filins
1535 2480 1660 2547 loannis,
1682 2481 1714 2534 tu
1738 2480 1878 2539 uoceisris

122 2572 224 2626 eontra
232 2566 418 2642 egritudines
426 2566 540 2623 anime.
549 2566 630 2635 Quod
640 2581 708 2639 ergo
719 2565 811 2624 teum
820 2570 908 2638 oaput
919 2565 973 2622 tibi
1026 2571 1227 2644 ceptns;quod
1242 2569 1636 2642 interpretaturPetrus.Non
1655 2584 1792 2642 magnum
1808 2572 1878 2643 quia

122 2660 210 2728 dolet,
226 2656 608 2731 laudemussilivnngelium
621 2659 656 2714 nd
670 2655 816 2729 eaputtibi
828 2655 969 2729 posueris,
1025 2662 1167 2720 Dominus
1182 2661 1254 2717 dixit
1268 2662 1353 2732 nujus
1369 2660 1448 2716 filius
1467 2665 1547 2718 esset
1561 2661 1627 2717 iste.
1643 2660 1717 2726 Quid
1735 2676 1875 2732 magnum

121 2756 148 2806 et
163 2764 221 2804 non
237 2748 273 2804 od
289 2747 445 2820 ligatorum
456 2747 631 2804 cucurreris·
643 2749 685 2803 Ad
700 2747 754 2803 hoc
770 2747 848 2803 enim
865 2746 973 2820 perdit·
1026 2752 1171 2810 Domino?
1186 2752 1289 2808 Omnia
1305 2752 1425 2807 nomina
1439 2756 1609 2808 sanctorum
1625 2767 1737 2808 suorum
1754 2751 1876 2820 sciebat,

120 2843 167 2896 ota
181 2840 226 2895 est
239 2836 396 2893 infirmitas
406 2836 571 2907 hominum,
583 2840 612 2894 et
622 2836 661 2892 ita
674 2835 829 2909 plangendi
841 2843 911 2893 sunt
922 2838 972 2897 ho·
1025 2860 1099 2918 quos
1114 2846 1181 2898 ante
1204 2842 1446 2898 constitutionem
1471 2841 1572 2896 mundi
1598 2841 1833 2914 predestinavit3
1848 2848 1878 2900 et

121 2924 216 2983 minas
227 2925 276 2998 qui
288 2928 407 2982 currunt
417 2924 452 2980 nd
460 2923 651 2996 ilgsturas,ut
661 2926 839 2998 gaudeamus
855 2928 970 2999 quando
1026 2930 1143 2989 miraris
1158 2931 1225 3003 quia
1240 2930 1312 2986 dixit
1328 2930 1378 2987 uni
1399 2930 1521 2998 homini,
1537 2930 1578 2986 'l'u
1594 2946 1626 2986 es
1646 2928 1725 2987 lilius
1745 2930 1836 2998 illius,
1848 2937 1878 2989 et

119 3015 253 3074 videmus
274 3014 424 3073 hominem
442 3013 471 3071 iu
491 3012 564 3071 lecto
579 3030 631 3072 suo
647 3016 852 3086 constitutum,
865 3020 971 3089 jactari
1026 3024 1056 3076 tu
1075 3018 1222 3077 vocaberis
1232 3020 1302 3075 illud
1315 3020 1328 3075 i
1343 3021 1477 3089 Magnum
1490 3020 1557 3090 quis
1572 3018 1693 3074 mutavit
1707 3019 1733 3075 ei
1750 3035 1876 3090 uomen;

118 3106 282 3166 febribuset
297 3105 456 3174 doloribus,
470 3121 522 3162 ιιι
533 3106 640 3163 alicubi
651 3123 733 3181 spem
751 3109 896 3181 posuisse,
911 3111 970 3168 nisi
1027 3112 1056 3166 et
1070 3109 1138 3166 iecit
1156 3109 1190 3165 de
1212 3109 1330 3165 Simone
1352 3108 1495 3165 Petrum‘i
1513 3108 1615 3163 Petrus
1639 3111 1735 3163 autem
1752 3113 1876 3180 apetrn,

119 3200 152 3256 ut
175 3196 230 3254 sibi
254 3194 443 3269 Evangelium
458 3194 496 3253 sd
511 3200 600 3268 caput
623 3201 760 3269 poneret:
776 3215 834 3255 non
849 3201 918 3273 quis
932 3202 969 3258 nd
1024 3204 1106 3274 petra
1128 3217 1192 3258 vero
1207 3200 1353 3257 Ecclesia:
1379 3216 1447 3271 ergo
1463 3199 1492 3254 in
1509 3197 1584 3255 Petri
1608 3197 1726 3254 nomina
1751 3198 1878 3270 figurata

118 3287 174 3344 hoc
189 3289 297 3344 iustum
312 3289 364 3352 est,
385 3286 434 3343 ssd
455 3286 525 3358 quis
544 3287 696 3360 praelstum
720 3293 765 3346 est
779 3288 969 3362 Evangelium
1023 3297 1067 3348 est
1082 3291 1220 3348 Ecclesia.
1235 3292 1270 3346 Et
1284 3290 1349 3363 quis
1364 3305 1496 3360 securus,
1512 3288 1568 3344 nisi
1583 3289 1634 3359 qui
1650 3288 1774 3344 edificet
1787 3305 1878 3361 super

116 3375 260 3450 ligaturis.
285 3374 316 3432 Si
332 3389 400 3447 crgo
411 3375 446 3430 ad
458 3379 546 3448 caput
561 3375 680 3448 ponitur
695 3380 725 3432 ut
744 3377 874 3448 quiescet
887 3378 970 3436 dolor
1023 3380 1159 3452 petram?
1174 3379 1208 3436 m
1219 3379 1286 3451 quid
1299 3380 1337 3436 nit
1349 3380 1411 3451 ipsa
1421 3377 1589 3434 Dominus?
1602 3400 1617 3428 n
1629 3378 1682 3444 Qui
1697 3378 1877 3436 suditverbs

118 3466 232 3540 capitis,
260 3464 296 3522 ad
312 3479 362 3521 eor
381 3479 439 3522 non
464 3464 580 3537 ponitur
605 3469 635 3522 ut
658 3467 969 3537 saneturapeceatis?
1023 3486 1089 3526 mea
1113 3469 1172 3526 heo
1186 3475 1215 3527 et
1229 3470 1297 3526 iuuit
1319 3485 1363 3538 en,
1389 3469 1525 3526 similabo
1549 3485 1616 3526 eum
1641 3470 1702 3525 viro
1727 3470 1874 3540 prudenti,

117 3558 180 3616 Fiat
194 3573 273 3631 ergo.
285 3556 360 3624 Quid
373 3555 448 3612 ilut‘i
458 3556 632 3613 Poneturad
643 3572 703 3625 cor,
715 3562 906 3616 sunsturcor.
918 3559 969 3616 Bo·
1021 3560 1177 3617 reditlcanti
1193 3576 1282 3632 super
1297 3565 1408 3632 petram
1426 3581 1440 3610 n
1456 3560 1526 3631 (uon
1544 3559 1619 3615 cedit
1634 3559 1853 3630 tentationibus)
1866 3576 1873 3618 ι

114 3664 187 3706 num
202 3650 257 3718 cst,
274 3646 395 3717 bonum,
412 3649 442 3703 ut
458 3647 493 3703 de
509 3646 604 3703 solute
618 3649 749 3722 corporis
764 3665 821 3706 non
838 3653 967 3722 satsgas,
1022 3673 1036 3702 u
1049 3651 1196 3708 descendit
1212 3651 1319 3724 pluvis,
1332 3657 1472 3707 venerunt
1484 3649 1617 3719 flumine,
1634 3650 1772 3706 tlarernnt
1783 3650 1873 3719 venti,

114 3740 173 3798 nisi
194 3742 227 3797 ut
241 3754 259 3796 ι
272 3738 332 3795 Deo
347 3734 427 3793 illum
445 3744 535 3810 petes.
548 3737 578 3795 Si
588 3737 641 3796 soit
657 3739 708 3795 tibi
721 3740 870 3813 prodesse,
885 3739 968 3797 debit
1021 3745 1051 3799 et
1065 3740 1409 3814 impegeruutindnmum
1420 3741 1513 3808 illam,
1525 3749 1552 3795 et
1563 3739 1743 3806 nonoecidit;
1753 3740 1873 3797 iundnta

113 3828 216 3888 lllsm:
233 3828 258 3884 si
273 3843 331 3884 non
341 3825 394 3883 tibi
406 3826 529 3896 dederit,
541 3843 598 3885 non
610 3830 746 3902 proderat
758 3829 864 3888 hebere
874 3829 965 3887 illum.
1021 3831 1099 3889 enim
1115 3837 1175 3889 erat
1189 3849 1276 3904 super
1290 3840 1410 3905 petrum.
1427 3832 1481 3898 Qui
1496 3830 1578 3887 audit
1593 3829 1679 3886 verba
1694 3845 1759 3886 mea
1771 3833 1801 3887 et
1813 3846 1873 3886 non

115 3922 208 3990 Quem
223 3917 309 3975 multi
324 3920 466 3989 egrotant
482 3917 513 3973 ln
524 3915 596 3975 lecto
612 3918 801 3989 innocentes;
818 3929 845 3976 et
859 3920 885 3979 si
900 3923 967 3980 sant
1021 3920 1153 3979 incites»
1165 3921 1233 3993 (jam
1245 3921 1589 3994 unusquisquenostrum
1601 3919 1872 3992 timcatetcareat),

114 4010 233 4079 inerint,
249 4007 411 4080 procedunt
429 4007 465 4064 sd
491 4007 601 4065 seelera
624 4010 858 4068 committenda?
872 4013 965 4079 Quam
1020 4031 1035 4063 n
1052 4011 1185 4069 similubo
1195 4009 1484 4082 eumvirostultoqui
1495 4009 1872 4066 sdiilcsvitdomumsuam

114 4099 218 4159 multis
240 4097 321 4157 obest
342 4096 476 4154 sanitas?
490 4097 575 4155 Latro
590 4100 640 4170 qui
655 4101 786 4172 procedit
800 4102 835 4157 ad
852 4101 964 4160 lancem
1019 4116 1106 4172 super
1119 4116 1254 4157 arenam:
1275 4099 1425 4157 descendit
1450 4098 1559 4170 pluvia,
1583 4101 1725 4153 venerunt
1739 4096 1872 4165 flumine,

113 4189 244 4248 occidere
260 4186 541 4261 hominem,'qusnto
551 4187 593 4244 illi
605 4187 708 4246 mellus
723 4194 786 4246 eret
800 4195 833 4247 ut
847 4196 966 4261 aegrota·
1018 4190 1161 4247 flaverunt
1171 4189 1259 4259 venti,
1270 4193 1299 4245 at
1309 4190 1495 4261 impegerunt
1505 4187 1535 4243 iu
1547 4188 1668 4244 domum
1680 4185 1774 4257 iilam,
1785 4191 1814 4244 st
1824 4202 1873 4244 oe·

113 4280 180 4339 reti
194 4278 248 4347 oni
261 4278 490 4352 noetusurgitad
501 4279 814 4352 fodiendumpnrietem
824 4281 963 4354 alienum,
1019 4280 1091 4337 cidit
1104 4298 1112 4350 ;
1128 4287 1158 4337 et
1173 4285 1247 4337 t'acte
1257 4285 1303 4337 est
1313 4279 1395 4335 ruina
1411 4280 1474 4351 ejus
1484 4294 1600 4350 magna.
1613 4299 1627 4328 ι
1639 4276 1748 4348 (linitis.
1759 4293 1809 4345 vu,
1824 4278 1872 4348 st,

113 4374 223 4445 quanto
233 4366 276 4425 illi
292 4367 397 4425 melius
408 4366 433 4425 si
444 4367 963 4441 febribusjectareturiInnocentius
1016 4373 1074 4443 27.)
1089 4371 1163 4438 Quid
1180 4371 1295 4443 prodest
1309 4372 1377 4443 quin
1391 4370 1481 4426 intret
1496 4368 1663 4434 Ecclesiam,
1680 4370 1729 4438 qui
1743 4368 1807 4424 vult
1821 4384 1872 4425 su·

113 4461 274 4533 egrotaret,
291 4455 432 4515 scelerate
446 4473 537 4514 sunus
548 4467 601 4516 est.
616 4458 700 4517 Novit
715 4476 784 4534 ergo
799 4461 876 4521 Deus
891 4463 962 4535 quid
1020 4478 1072 4534 per
1082 4479 1200 4519 irenam
1210 4462 1373 4519 ediliceret
1384 4458 1872 4528 ludiandoenirnetnoniaciendo,

113 4549 200 4607 nobis
214 4547 367 4621 expediat:
383 4547 412 4603 id
434 4563 557 4621 sgumus
577 4553 703 4618 tentum,
721 4554 753 4606 ut
767 4567 817 4608 eor
831 4557 962 4610 nostrum
1020 4552 1145 4608 scindat
1158 4552 1286 4624 quidem,
1303 4553 1352 4608 sed
1368 4568 1457 4623 super
1465 4566 1594 4607 arenam.
1605 4551 1635 4606 si
1649 4548 1726 4606 enim
1737 4549 1811 4606 nihil
1822 4566 1874 4606 au·

114 4653 219 4695 unum
233 4637 273 4695 sit
287 4655 303 4694 a
318 4637 466 4711 peccatis;
483 4645 510 4695 et
524 4641 640 4710 qunndo
656 4640 728 4697 iorte
742 4639 922 4713 flagellemur
933 4642 962 4699 in
1019 4641 1072 4709 dii,
1089 4640 1161 4697 nihii
1172 4640 1295 4697 aedillcnt
1307 4655 1314 4694 t
1326 4641 1352 4696 si
1364 4645 1463 4697 sutem
1476 4639 1711 4706 auditasdtflsat.
1725 4638 1780 4695 Sed
1792 4654 1872 4709 quaa·

113 4741 243 4796 corpore,
266 4725 362 4798 ipsum
393 4727 593 4800 deprecemur.
620 4730 742 4802 Rogavit
765 4747 832 4789 oum
858 4732 964 4791 Paulus
1018 4730 1121 4798 rimus,
1138 4731 1198 4786 ulii.
1214 4730 1244 4787 Si
1259 4734 1338 4787 enim
1359 4730 1441 4786 audit
1455 4734 1484 4786 et
1499 4729 1577 4800 isoit,
1593 4744 1682 4800 super
1698 4732 1829 4799 petrum:
1846 4726 1872 4783 si

112 4813 277 4889 spostolus,
291 4817 324 4869 ut
338 4815 747 4888 sulerrststimulumsscarnis,
761 4827 790 4878 et
804 4822 898 4878 noluit
913 4839 966 4879 au·
1020 4821 1102 4880 audit
1116 4825 1145 4878 et
1157 4839 1215 4879 non
1231 4823 1310 4889 iecit,
1336 4838 1423 4894 super
1447 4835 1577 4877 arenam.
1603 4819 1667 4875 Duo
1682 4823 1751 4874 sunt
1765 4832 1873 4890 genero

111 4907 198 4966 ierne.
213 4902 362 4976 Numquid
374 4905 561 4977 perturbatus
576 4906 798 4981 estinumquid
815 4910 967 4968 contriste-
1019 4912 1249 4981 oedillcentium
1265 4915 1315 4967 aut
1330 4927 1419 4984 super
1434 4914 1557 4982 petram,
1573 4913 1623 4964 sut
1637 4923 1726 4978 super
1740 4922 1871 4963 arenam.

112 5002 161 5057 tus
175 4993 248 5053 dixit
262 5010 294 5052 se
307 4994 483 5054 desertum?
496 4995 584 5069 lingis
600 5012 631 5053 se
646 4997 718 5055 dixit
733 5016 790 5056 non
805 4999 963 5069 desertum,
1019 5001 1093 5067 Quid
1108 5018 1177 5074 ergo
1191 5001 1233 5057 illi
1249 5001 1298 5074 qui
1316 5015 1373 5057 non
1384 5000 1508 5056 audiunt
1518 4998 1532 5056 t
1542 4999 1635 5055 securi
1645 4996 1737 5054 santi
1752 5012 1872 5054 securos

113 5087 183 5164 quia
206 5102 265 5145 non
290 5084 419 5143 ablatum
435 5086 571 5158 estquod
598 5086 713 5144 volebat
732 5091 851 5157 nuiarri,
869 5095 901 5147 ut
915 5091 965 5148 illa
1019 5108 1069 5149 eos
1084 5092 1166 5154 dicit.
1182 5089 1332 5165 quianihil
1344 5089 1511 5148 edificant?
1522 5088 1598 5145 Nudi
1613 5087 1747 5144 suntsub
1761 5084 1872 5159 pluvis,

113 5176 272 5235 infirmitas
282 5182 444 5235 sonaretur.
456 5175 601 5233 Dooenim
613 5177 759 5235 invenitin
769 5197 836 5237 voce
848 5182 964 5238 medici:
1019 5186 1087 5239 snte
1102 5190 1214 5251 ventos,
1229 5185 1296 5238 ante
1319 5180 1461 5237 llumina:
1484 5195 1550 5236 curn
1577 5177 1708 5235 venerint
1722 5177 1788 5238 ists.
1803 5181 1874 5233 anto

113 5267 222 5338 Sufficit
237 5269 289 5325 tibi
297 5267 481 5342 prationem·
491 5282 558 5323 num
567 5265 655 5323 virini
669 5269 700 5324 in
709 5268 874 5340 infirmitate
882 5273 965 5343 perii·
1019 5271 1087 5329 illos
1102 5271 1220 5341 tollunt,
1236 5285 1324 5342 quem
1340 5270 1443 5327 domos
1453 5267 1600 5341 dejicient.
1613 5267 1686 5340 iirgo
1697 5281 1757 5322 uns
1771 5272 1817 5322 est
1830 5282 1873 5323 sc·

99 5356 187 5418 ‚citor
201 5356 236 5428 (ll
252 5359 313 5414 Gor.
329 5373 380 5427 ιιι,
396 5356 424 5428 8,
436 5356 476 5432 9).
487 5356 647 5429 Undeorgo
661 5357 720 5415 scis
735 5360 813 5432 quod
830 5376 887 5417 non
903 5361 966 5419 vult
1020 5363 1140 5430 ouritss,
1165 5367 1194 5419 et
1217 5361 1369 5431 edificare,
1385 5363 1415 5417 et
1429 5375 1517 5431 super
1541 5363 1651 5430 petram
1672 5356 1827 5412 nidificare.
1843 5354 1874 5412 Si

114 5445 144 5498 ts
159 5457 263 5499 sanare
277 5445 377 5502 Densi
391 5447 493 5506 Adhuc
507 5447 560 5506 tibi
585 5447 700 5521 expedit
715 5447 867 5523 Dngellari.
883 5449 965 5508 Unde
1020 5453 1181 5512 audireris
1197 5456 1224 5508 et
1241 5451 1415 5520 nonfacere,
1432 5451 1576 5518 ssdliicas3
1588 5448 1636 5504 sed
1653 5447 1770 5503 ruinsm
1787 5443 1875 5501 sedili-

117 5529 174 5591 scis
185 5547 272 5605 quum
283 5537 366 5605 putre
377 5543 418 5594 est
430 5539 744 5612 quodssoatmedieus,
755 5555 846 5613 agens
857 5540 964 5598 terrum
1020 5559 1087 5601 cas:
1104 5560 1170 5599 cum
1187 5547 1285 5599 nutem
1301 5543 1411 5600 venerit
1435 5539 1564 5610 tentatio,
1586 5537 1685 5608 dejicit
1699 5537 1830 5602 domum,
1845 5538 1875 5591 at

116 5636 169 5697 per
183 5619 303 5694 putrlat
315 5621 418 5681 Nonne
439 5629 517 5686 norit
541 5631 671 5703 modum,
697 5630 768 5703 quid
793 5629 890 5700 lactat,
908 5646 965 5703 quo
1019 5648 1087 5689 oum
1104 5633 1170 5705 ipss
1185 5633 1269 5690 ruina
1281 5631 1468 5688 tuatetollit.
1479 5629 1510 5687 Si
1521 5630 1618 5686 sutem
1632 5643 1691 5684 non
1707 5624 1804 5694 sudis,
1820 5639 1875 5680 nn·

118 5726 214 5788 utque
229 5709 341 5770 laniati
353 5710 497 5786 Numquid
509 5717 773 5796 ululatnsstnsqui
787 5730 966 5795 ssontur,rs·
1020 5722 1076 5779 dus
1091 5737 1134 5792 es,
1150 5721 1207 5779 illis
1222 5721 1433 5780 tentationibus
1443 5720 1546 5794 tuipse
1555 5717 1693 5778 traheris.
1708 5716 1875 5788 tudtsrgo,
