3952 6150
125 259 202 323 lDDD

122 396 210 470 elegit
226 414 233 452 :
250 394 300 467 qui
315 392 402 451 etiam
418 397 535 466 tompus
550 407 608 465 quo
623 393 659 447 de
675 390 791 463 Virgine
812 393 897 446 natus
922 393 976 458 est,

122 486 287 545 conruere
297 482 458 555 constituit,
475 482 511 541 de
525 496 584 557 quo
599 480 662 539 sine
678 484 808 554 tempore
819 487 904 537 natas
921 485 975 539 est.

121 574 290 636 Mundam
302 589 389 650 qnam
404 587 502 631 reram
517 586 676 643 sanamque
695 568 872 637 doctrinam,
887 569 975 629 etism

121 663 231 724 Paulus
245 661 408 739 apostolus,
418 683 433 714 e
443 659 516 718 Gom
527 662 627 716 autem
637 657 727 726 venit,
743 657 898 732 »inquit«
916 656 976 730 pls·

121 751 386 827 nltudotamporis,
396 750 477 807 misit
488 749 565 807 Daue
576 747 680 804 uilium
691 763 778 805 snam
795 767 809 795 ι
824 744 926 820 (Galat.
936 761 975 816 rr,

121 844 167 917 l);
182 851 210 902 et
224 844 301 900 Deus
319 856 368 913 per
383 839 569 912 prophetam,
586 860 601 888 ι
612 836 765 911 Tempore,
782 858 796 887 r
826 836 876 906 ait,
892 857 908 885 «
927 851 976 894 ac-

121 931 256 999 ceptabili
272 929 401 987 exaudivi
415 933 453 997 ts,
464 932 493 985 st
505 928 534 984 in
550 927 596 983 die
607 926 880 999 salutisadjuviten
900 926 974 998 (leui.

122 1037 199 1089 xarx,
213 1020 257 1093 8);
273 1023 303 1076 et
317 1034 421 1076 rursus
444 1014 612 1091 Apostolos,
631 1035 643 1066 ι
669 1016 741 1073 lices
766 1031 842 1073 nunc
862 1019 976 1088 tempus

123 1107 317 1183 acceptabile,
337 1122 405 1165 eccs
420 1121 499 1165 nono
514 1105 577 1163 dies
592 1103 697 1163 salutis
712 1126 727 1154 »
741 1104 779 1176 (il
796 1105 857 1173 Gor,
882 1121 921 1172 vr,
935 1104 975 1176 2).

121 1199 202 1258 Dicat
217 1214 297 1272 ergo,
313 1199 405 1266 Pater,
416 1195 494 1253 venit
507 1197 586 1263 loro,
609 1193 660 1268 qui
678 1210 743 1251 curn
769 1193 851 1250 Patre
878 1192 977 1265 dispo·

121 1288 183 1346 suit
200 1303 304 1345 omnes
329 1286 440 1343 horas:
465 1288 605 1357 tanquam
630 1282 741 1350 dicens,
773 1284 865 1350 Pater,
887 1298 975 1355 quarn

123 1381 241 1451 propter
254 1376 391 1432 homines
406 1381 433 1432 at
449 1375 525 1446 apud
543 1373 676 1430 homines
692 1372 727 1427 nd
746 1389 792 1428 mc
811 1371 973 1429 clarificas·

121 1470 192 1525 dum
208 1468 295 1524 simul
308 1465 520 1535 constituimus,
534 1465 608 1521 verrit
632 1463 710 1533 torn,
734 1462 857 1533 clarifico
876 1460 977 1519 Filium

121 1568 209 1619 tuum,
223 1564 256 1614 ut
269 1564 295 1615 et
311 1558 397 1613 i'r'tius
411 1558 475 1612 tuus
488 1554 624 1625 clarificet
639 1558 673 1610 tc.

156 1650 183 1703 3.
199 1646 426 1706 Glarillcatums
442 1646 525 1702 Patre
536 1643 642 1702 Filium
668 1643 801 1701 nonnulli
818 1643 976 1717 acciplunt,

122 1740 153 1795 in
168 1737 223 1794 hoo
238 1737 315 1811 quod
330 1736 355 1794 cl
372 1751 429 1794 uon
441 1734 580 1809 pepercit,
597 1734 645 1792 sed
658 1750 709 1806 pro
730 1733 814 1791 nobis
838 1734 988 1791 omnibns·

121 1827 312 1884 tradiditeum
320 1826 408 1897 (Rom.
416 1824 540 1898 anniti).
551 1824 606 1880 Scd
615 1824 640 1880 ei
652 1824 788 1897 passione
799 1823 977 1882 clarilicstus

120 1915 242 1985 dlcliur,
260 1911 699 1990 quantomagisresurrectione!
712 1912 783 1969 Nam
800 1912 828 1969 ln
841 1912 976 1986 passione

122 2001 977 2079 magissjuslaumilitasquamclarltsscommandatur,Apo

123 2093 197 2151 stolo
207 2093 346 2168 teste,qni
357 2093 438 2160 dicit,
455 2090 651 2150 «Humiliavit
661 2093 862 2164 semetipsum,
883 2090 976 2149 lactus

122 2184 263 2243 obediens
277 2198 369 2256 usque
383 2183 419 2239 sd
442 2185 576 2250 mortem,
593 2186 716 2239 mortem
732 2183 975 2240 interstruam»

119 2272 226 2331 delude
240 2272 384 2346 sequitur,
400 2272 479 2328 etde
494 2271 560 2343 ejus
574 2269 784 2328 olariiicatione
803 2272 867 2343 jam
893 2270 976 2341 dicit,

122 2385 137 2416 ι
154 2367 275 2437 l’ioptsr
288 2362 366 2437 quod
377 2366 406 2419 et
421 2362 498 2419 Deos
514 2360 595 2419 illum
613 2361 758 2433 exaltavit,
775 2366 804 2419 et
817 2363 935 2421 donavit
949 2362 975 2420 el

122 2468 228 2510 nomen
244 2453 321 2526 quod
337 2454 483 2525 estsuper
506 2465 594 2509 omns
618 2466 736 2520 nomen,
754 2456 784 2508 ut
802 2452 832 2508 in
858 2453 975 2509 nomios

121 2545 188 2601 lesu
204 2558 292 2599 omns
306 2557 382 2614 genu
399 2540 532 2598 ilectstur
546 2539 720 2605 caelestium,
738 2542 930 2610 terrestrium,
946 2545 975 2598 et

121 2628 975 2702 internorum,atomnislinguaconllteaturquianominus

121 2719 207 2777 lesus
222 2718 356 2776 christus
370 2718 400 2774 in
412 2719 559 2791 gloriaest
574 2717 622 2773 Dei
634 2717 738 2774 Patris.
756 2738 770 2767 ι»
781 2716 846 2772 linc
856 2722 899 2774 est
915 2717 974 2775 cla·

121 2806 245 2866 rideatis
255 2806 371 2864 Domini
381 2805 546 2863 nostriJeau
558 2805 675 2873 Christi,
688 2807 794 2878 quarab
805 2806 868 2878 ejus
878 2823 975 2863 resur·

122 2897 250 2956 rectione
265 2895 387 2970 sumpsit
400 2895 562 2953 exordium.
575 2894 731 2953 Humilitas
742 2912 809 2969 ergo
825 2897 888 2969 rjus
903 2896 974 2953 inci·

122 2988 165 3061 pit
179 2987 208 3044 lu
224 3001 357 3044 sermone
370 2984 510 3060 Apostoli,
527 2986 562 3041 ab
586 3000 619 3042 eo
636 2984 697 3041 loco
723 2985 769 3041 ubi
790 2986 841 3052 ait,
872 2985 973 3045 Semet-

122 3081 213 3149 ipsum
227 3074 385 3133 exinanivit
398 3078 517 3145 termam
527 3076 612 3131 seruis
626 3073 762 3147 occipiens
778 3093 785 3145 ;
801 3080 830 3132 et
846 3078 988 3149 pervenit*

122 3180 226 3238 usquc,
239 3163 273 3220 ed
285 3169 396 3221 rncrtcm
413 3162 512 3218 cruris.
529 3163 652 3220 Claritas
666 3179 731 3220 varo
747 3164 811 3234 elus
826 3164 928 3238 incipit
938 3166 974 3222 ab

121 3273 155 3313 eo
169 3255 234 3313 loco
250 3254 300 3311 ubi
316 3255 369 3324 ait,
384 3254 499 3325 Propter
514 3254 618 3327 quodsi
634 3253 843 3312 Deuseoeoltcuit
858 3270 936 3319 cunr:
947 3262 975 3313 ot

122 3343 252 3417 persenit
266 3358 365 3417 usquc,
381 3343 411 3399 in
435 3341 525 3412 pluria
539 3347 579 3398 eet
606 3343 654 3398 Dei
675 3343 766 3399 Petris
788 3342 972 3416 (Philippu.

118 3435 210 3505 7-11).
226 3432 300 3491 Nam
315 3436 345 3490 et
359 3431 455 3505 ipsum
469 3446 588 3503 nomen,
608 3432 632 3488 si
652 3430 848 3505 inspiciantur
862 3434 975 3492 codices

120 3525 217 3598 granai,
233 3540 268 3582 ex
282 3539 341 3597 qua
356 3522 457 3595 lingua
478 3520 614 3595 Dpistolar
633 3522 799 3595 apostolica
829 3523 973 3581 translate

120 3619 191 3671 aunt
204 3615 234 3671 in
250 3613 381 3680 latinam,
393 3611 470 3684 quod
485 3611 532 3668 hic
557 3609 664 3684 iegitur
687 3610 789 3684 gloria,
804 3612 844 3669 lbi
869 3612 975 3687 legitur

120 3702 184 3775 δόξα
200 3721 207 3760 :
224 3703 431 3760 undeverbum
448 3700 607 3758 derivatum
622 3710 665 3759 est
681 3703 711 3759 in
735 3719 828 3776 grsco
853 3708 885 3760 ut
899 3703 975 3761 dioe-

121 3792 200 3846 rctnr
210 3784 332 3858 δόξασιν,
344 3786 420 3858 quod
438 3786 580 3861 interpres
592 3786 702 3845 latinus
713 3788 894 3862 aitelarifico,
907 3806 971 3848 cunr

122 3881 220 3951 pressat
234 3876 321 3933 etiam
336 3876 462 3948 glorifico
477 3877 582 3945 dicere,
593 3879 670 3950 quod
686 3881 869 3937 tantumdem
887 3878 970 3938 valet.

122 3968 156 4023 at
171 3964 235 4023 ideo
251 3969 349 4038 posset
369 3965 457 4023 ctiam
481 3967 511 4023 in
535 3966 666 4039 Apostoll
691 3967 828 4041 lipistola,
859 3968 907 4026 ubi
929 3975 972 4029 est

120 4054 222 4131 gloria,
233 4052 350 4112 claritas
365 4056 432 4127 poni
446 4072 453 4111 :
469 4056 546 4127 quod
562 4055 587 4113 si
603 4056 684 4114 lleret
698 4059 881 4116 tantumdem
899 4059 973 4118 vule-

120 4152 172 4203 ret.
184 4143 219 4202 ot
235 4148 333 4203 autem
345 4160 402 4202 non
414 4145 591 4203 recedatura
607 4146 758 4204 verborum
768 4147 857 4219 sonis,
871 4164 970 4222 quem·

119 4234 278 4292 admodum
294 4251 311 4291 a
330 4232 460 4292 claritate
469 4232 649 4303 ciarilicatio,
661 4235 703 4294 alo
718 4253 733 4292 a
747 4235 841 4310 gloria
855 4237 968 4310 glorlll·

118 4324 195 4383 catlo
209 4322 369 4382 derivatur.
388 4323 423 4381 Ut
440 4339 508 4397 ergo
532 4323 675 4382 mediator
702 4325 750 4383 Del
773 4329 802 4383 ct
817 4326 969 4386 homiuum

119 4415 206 4471 homo
220 4412 354 4471 Christus
367 4413 455 4471 lesus
469 4414 693 4472 ressurrectione
709 4414 917 4474 clerillcnretur
926 4417 969 4474 rol

118 4503 342 4577 glorificaretur,
357 4503 440 4577 priua
455 4503 629 4562 humiliatus
657 4510 702 4563 est
727 4506 886 4580 passione:
912 4524 969 4565 non

116 4594 195 4649 onim
211 4592 364 4651 arnorttds
378 4594 595 4663 resurrexisset,
605 4595 630 4651 si
641 4600 773 4653 mortuus
785 4612 841 4653 non
855 4596 968 4655 luisset.

115 4680 283 4746 Humilitss,
298 4682 440 4740 claritatis
451 4691 493 4740 est
517 4685 672 4754 meritum;
698 4685 828 4759 cirritos,
853 4687 970 4745 humill·

116 4771 186 4829 tatis
195 4774 240 4828 est
255 4772 418 4844 premium.
428 4772 546 4830 Sedhoe
562 4774 723 4832 factumest
736 4776 766 4832 in
778 4779 968 4848 lormsserri;

114 4861 145 4919 in
160 4860 255 4919 lorma
270 4874 338 4919 tere
355 4861 405 4919 Dei
419 4878 535 4934 semper
550 4862 615 4933 luit,
630 4879 745 4937 semper
756 4867 808 4923 erit
824 4866 945 4925 claritas
961 4884 968 4924 ι

113 4949 176 5010 ἰιιιο
190 4966 248 5010 uon
260 4950 317 5010 luit
329 4952 413 5025 quasi
426 4952 489 5025 Jnm
505 4969 563 5009 non
578 4955 630 5024 sit,
656 4970 709 5012 nec
724 4956 778 5012 orit
797 4959 880 5028 quasi
897 4973 970 5016 non·

116 5044 188 5105 dum
203 5044 258 5114 sit;
269 5042 320 5103 ssd
332 5042 501 5112 sinsinitio,
513 5043 645 5102 stnallns
660 5051 828 5118 sempsrest
838 5047 969 5107 clarllas.

116 5134 280 5208 Quodergo
306 5134 357 5205 all,
388 5136 481 5202 Peter,
505 5135 582 5192 verrit
608 5134 687 5197 liora,
719 5137 842 5203 clarifico
866 5140 969 5198 Filium

112 5225 210 5289 tecum
224 5223 267 5282 sic
281 5222 506 5297 intelligendum
523 5226 578 5296 est,
599 5232 736 5298 tanquam
754 5226 869 5299 dixerit,
885 5228 971 5287 Venit

114 5309 970 5384 homsemlnandslrumilitotis,tractumnondillcrascla·

113 5397 222 5457 ritatls.
236 5399 293 5459 Sed
309 5402 380 5475 quid
396 5400 451 5458 sibl
467 5401 530 5460 vult
554 5404 632 5477 quod
657 5406 801 5479 sequitur,
829 5408 862 5466 ot
886 5408 972 5468 Filius

112 5504 179 5562 ιιιιιι
193 5487 326 5561 clarificet
342 5498 369 5547 te
383 5494 398 5546 t
412 5490 561 5565 Numquid
572 5495 662 5553 etiarn
672 5492 840 5555 Dcusl‘atcr
855 5498 973 5571 pertulit

112 5576 309 5638 humilitatem
320 5580 418 5639 earnis
429 5580 490 5638 sive
502 5582 660 5655 passionis,
677 5600 779 5661 exque
791 5586 874 5645 illurn
889 5586 971 5647 elari-

598 256 637 317 ΙΝ
660 253 824 319 JOANNIS
848 254 1119 331 attudeorum,
1143 260 1174 319 S.
1199 258 1418 322 auoosrtrtt

1808 257 1888 317 tuot

1033 392 1113 449 ficari
1127 396 1273 465 oporteret
1287 392 1300 447 i
1316 391 1466 458 Quomodo
1481 391 1568 463 igitur
1584 404 1652 446 eum
1675 389 1890 449 clarificaturus

1011 480 1014 486 '
1030 485 1093 539 erat
1107 479 1212 550 i'ilius,
1226 481 1312 555 cuius
1327 478 1444 539 claritas
1468 479 1645 554 sempiterna
1668 493 1721 537 uec
1735 493 1771 537 ex
1792 479 1890 538 lorma

1030 570 1160 629 humana
1169 572 1262 645 poluit
1272 570 1363 630 videri
1373 570 1480 641 minor,
1494 585 1546 628 nec
1556 569 1586 627 in
1601 569 1701 628 ditius
1712 573 1811 644 posset
1825 584 1890 628 essa

1029 660 1155 734 amplior
1166 660 1247 721 ised
1262 660 1348 721 istum
1364 660 1555 736 questionem
1569 659 1600 717 in
1624 659 1706 718 hunc
1723 674 1890 719 sermonem

1031 748 1098 809 nolo
1108 754 1231 821 arctare,
1248 755 1298 807 sut
1313 751 1382 808 hinc
1396 765 1464 808 eum
1480 748 1574 807 lacera
1586 748 1761 822 longiorem.

1315 839 1528 899 litterariis
1548 838 1604 899 CV.

1030 930 1069 987 to
1088 946 1119 989 cc
1132 931 1203 1004 quod
1217 933 1347 989 Dominus
1361 931 1412 993 oit.
1429 929 1464 987 Ut
1480 928 1570 988 Filius
1590 933 1659 987 tuus
1683 928 1824 987 clarillcst
1839 935 1887 997 1ος

1066 1036 1151 1092 mque
1164 1021 1204 1078 od
1219 1022 1257 1089 id,
1269 1020 1499 1094 claritatsqusm
1510 1019 1611 1089 habui,
1623 1018 1793 1093 priusquam
1804 1034 1888 1077 mun·

1067 1110 1122 1168 dus
1137 1114 1223 1183 essai,
1235 1111 1311 1185 apud
1327 1114 1365 1168 te.
1378 1111 1444 1184 Cep.
1460 1125 1529 1179 atu,
1540 1110 1568 1181 i.
1585 1110 1648 1167 1-5.

1068 1201 1092 1257 l.
1106 1200 1328 1259 Glorillcatuma
1344 1201 1429 1260 Patre
1444 1200 1549 1258 Filium
1571 1199 1733 1259 secundum
1762 1202 1887 1258 lormsm

1031 1289 1117 1360 serui,
1134 1306 1221 1362 qoam
1238 1290 1320 1349 Pater
1335 1289 1518 1348 suscitavita
1534 1289 1667 1361 mortuis,
1687 1294 1715 1347 et
1739 1290 1775 1347 ad
1800 1307 1886 1348 susm

1032 1376 1178 1435 dexteram
1193 1377 1354 1447 collocavit,
1370 1394 1417 1436 res
1433 1379 1493 1450 ipsa
1508 1377 1629 1449 indicat,
1649 1386 1678 1436 et
1697 1376 1798 1436 nullus
1822 1395 1887 1435 om·

1031 1466 1103 1539 biglt
1116 1466 1305 1524 christianus.
1321 1468 1375 1525 Sed
1391 1466 1527 1542 quoniam
1546 1467 1816 1537 nonianturndixit,
1833 1469 1885 1524 Ρα-

1031 1562 1084 1625 ter,
1096 1556 1220 1627 clarifico
1234 1557 1335 1613 Filium
1351 1556 1489 1615 tuumsed
1506 1556 1728 1628 addiditetiam,
1746 1560 1776 1613 at
1797 1557 1886 1613 Filius

1031 1647 1095 1700 titus
1108 1644 1245 1713 clarificet
1261 1653 1305 1709 te:
1321 1646 1424 1704 merito
1438 1651 1577 1721 quaeritur
1600 1648 1745 1721 quomodo
1769 1646 1885 1703 Patrem

1031 1731 1235 1792 clarificaverit
1248 1735 1350 1804 Filius,
1363 1750 1430 1793 cum
1450 1737 1629 1808 sempiterna
1652 1735 1768 1794 claritas
1788 1735 1884 1793 Patris

1032 1838 1083 1880 nec
1099 1823 1245 1881 diminuta
1252 1824 1340 1882 luerit
1354 1826 1383 1883 in
1397 1826 1488 1883 torma
1504 1825 1644 1896 humana,
1656 1841 1707 1883 uec
1718 1824 1821 1899 augeri
1832 1841 1884 1899 po·

1031 1912 1118 1968 tuerit
1133 1912 1163 1968 in
1175 1930 1228 1969 sua
1242 1912 1534 1985 perlectionodlvina.
1547 1913 1601 1970 Sed
1619 1912 1648 1969 iu
1659 1911 1885 1986 scipsnclaritas

1032 1999 1126 2057 Patris
1141 2017 1192 2058 nec
1204 2001 1296 2059 minui
1312 2002 1469 2075 ncoaugeri
1481 2006 1591 2076 potest3
1603 2001 1822 2075 apudhomiuos
1833 2019 1885 2057 au·

1031 2094 1088 2149 tam
1098 2090 1293 2165 proculdubio
1305 2092 1478 2164 minoraret,
1486 2092 1603 2166 quondo
1611 2092 1748 2150 inludere
1759 2097 1886 2150 tantum·

1030 2179 1309 2239 modoDeusuotus
1331 2185 1389 2239 orat
1420 2183 1502 2253 (Psoi.
1522 2198 1602 2253 ιω,
1635 2184 1684 2253 2ιτ
1714 2185 1887 2241 noudurna

1030 2268 1100 2325 solis
1115 2276 1179 2327 ortu
1195 2286 1290 2343 usque
1304 2270 1339 2330 ad
1351 2286 1489 2329 occasum
1503 2270 1662 2330 laudabant
1673 2271 1755 2347 pueri
1769 2286 1885 2330 nomem

1030 2355 1145 2415 Domini
1160 2359 1249 2432 (Paci.
1265 2377 1335 2432 cau,
1351 2360 1378 2427 3,
1397 2361 1431 2434 l).
1448 2360 1507 2417 lloc
1522 2366 1618 2419 autem
1634 2360 1704 2436 qaia
1726 2377 1777 2434 per
1791 2364 1886 2419 avan-

1030 2446 1137 2521 geliom
1146 2449 1254 2507 Christi
1265 2451 1375 2507 luctum
1387 2454 1441 2519 cst,
1453 2454 1486 2508 ut
1496 2449 1657 2525 petillium
1670 2450 1756 2509 Patcr
1766 2450 1887 2509 innote-

1030 2541 1123 2595 sceret
1133 2540 1284 2610 gentlbus;
1292 2540 1419 2613 prolecto
1429 2539 1545 2597 Patrem
1556 2539 1728 2597 clarificavit
1741 2544 1771 2597 et
1780 2538 1884 2598 Filius.

1030 2625 1060 2682 st
1076 2627 1384 2685 autemtantummodo
1400 2633 1531 2686 mortuus
1542 2626 1753 2698 luissetl'illus,
1768 2646 1823 2687 nec
1840 2646 1885 2686 re-

1030 2716 1216 2786 surrexisset,
1233 2717 1332 2789 procul
1349 2716 1438 2774 dubio
1455 2735 1506 2775 nec
1523 2735 1540 2773 a
1555 2716 1636 2775 Patro
1650 2718 1830 2776 clarificatus
1841 2736 1885 2776 cs·

1029 2809 1082 2877 set,
1099 2822 1151 2863 nec
1165 2806 1280 2864 Patrem
1292 2805 1495 2866 clarificasset:
1512 2825 1591 2866 nuno
1606 2814 1705 2867 uutem
1735 2824 1887 2868 ressurre-

1029 2894 1126 2952 ctione
1139 2896 1317 2954 clarificatus
1328 2912 1344 2952 a
1355 2900 1448 2966 Patre,
1459 2899 1680 2955 resurrectionis
1697 2916 1758 2957 soae
1780 2898 1889 2973 prndi-

1029 2984 1143 3042 cotlone
1165 2983 1306 3044 ciarillcat
1326 2986 1453 3042 Patrem.
1480 2986 1537 3044 lloc
1566 2987 1673 3061 quippe
1697 2990 1792 3061 aperit
1816 2990 1888 3047 ordo

1028 3074 1092 3149 ipse
1106 3075 1282 3133 uerborum:
1300 3074 1439 3148 clarifico,
1455 3075 1560 3150 lnquit,
1577 3076 1679 3135 Piliam
1689 3081 1781 3143 laum,
1796 3086 1828 3136 ut
1844 3082 1889 3137 Fi·

1029 3166 1086 3224 tim
1100 3175 1163 3223 tum
1178 3165 1310 3237 clarificet
1322 3173 1348 3222 tc
1356 3184 1368 3232 ,·
1383 3169 1522 3238 tanquem
1534 3165 1653 3236 diceret,
1666 3167 1819 3227 Resuscita
1830 3188 1888 3239 mr,

1030 3265 1058 3313 nt
1076 3257 1243 3314 innotescas
1258 3256 1311 3313 loti
1329 3255 1391 3312 orbl
1408 3271 1459 3330 per
1474 3272 1532 3314 me.

1065 3350 1091 3403 2.
1106 3346 1213 3405 Deinde
1226 3347 1320 3418 magis
1336 3345 1490 3419 magisque
1501 3346 1634 3420 pandens
1643 3348 1792 3421 quomodo
1802 3350 1889 3408 clari-

1031 3437 1096 3493 llcet
1110 3436 1223 3492 Patrem
1239 3434 1329 3493 Filius
1345 3453 1352 3491 :
1367 3435 1444 3493 Sicut
1457 3436 1567 3507 dedisti,
1592 3436 1697 3510 inquit,
1723 3442 1748 3495 et
1764 3448 1889 3510 potestn-

1028 3536 1083 3584 tcrn
1098 3523 1302 3595 omnisomnis,
1317 3525 1519 3601 etcmnequod
1539 3525 1640 3583 dedisti
1660 3529 1695 3596 ei,
1711 3528 1756 3585 det
1776 3530 1817 3586 eis
1844 3533 1889 3588 ei-

1027 3620 1084 3673 tum
1099 3622 1244 3674 ceturam.
1253 3615 1374 3673 Omnem
1386 3631 1502 3673 carnem
1514 3615 1711 3673 dixitomuem
1720 3617 1887 3689 hominem,

1029 3710 1141 3779 sparto
1154 3710 1246 3762 totum
1261 3705 1430 3778 significaris
1446 3725 1454 3775 ς
1470 3704 1726 3779 quemadmodum
1745 3723 1848 3767 rursus
1870 3728 1887 3766 a

1028 3795 1271 3869 parlcauperiore
1286 3794 1469 3867 significatus
1484 3797 1529 3852 cst
1548 3793 1634 3852 horno
1659 3800 1750 3867 totus,
1771 3797 1818 3854 ubi
1846 3799 1888 3854 ait

1027 3884 1190 3960 Apostolus,
1205 3884 1301 3941 Omnis
1310 3886 1404 3941 anime
1417 3884 1592 3958 potestatibus
1601 3885 1808 3943 sublimioribus
1820 3889 1888 3943 sul»-

1027 3979 1136 4037 ‹litosit
1157 3978 1245 4047 (Rom.
1268 3993 1329 4044 xrrr,
1355 3976 1393 4046 l).
1417 3975 1490 4040 Ouid
1510 3976 1587 4033 enirn
1603 3975 1685 4049 dixit,
1701 3976 1798 4037 Dinnis
1815 3979 1884 4037 nni·

1028 4085 1082 4129 nar,
1099 4065 1167 4133 uisi,
1182 4065 1279 4123 omnis
1299 4064 1456 4122 bomotlit
1469 4066 1523 4124 hoc
1539 4070 1636 4124 autom
1647 4068 1725 4140 quod
1748 4072 1883 4141 potestas

1023 4156 1139 4216 Christo
1154 4154 1263 4213 aPatre
1273 4156 1339 4213 data
1353 4159 1400 4213 est
1413 4155 1510 4213 omnis
1525 4155 1633 4225 carnis,
1648 4156 1813 4216 secundam
1831 4158 1884 4217 leo

1024 4246 1133 4304 minem
1149 4244 1372 4318 intelligendum
1383 4253 1440 4301 est:
1453 4260 1520 4302 nam
1531 4246 1690 4302 secundum
1707 4246 1799 4304 Deum
1814 4264 1881 4306 om·

1026 4336 1074 4393 nia
1091 4335 1253 4408 peripsum
1271 4335 1345 4391 iactu
1359 4333 1452 4406 sunt(
1465 4334 1544 4393 loen.
1562 4351 1581 4403 r,
1596 4335 1635 4406 3),
1651 4340 1681 4391 et
1695 4335 1724 4391 in
1735 4336 1882 4410 ipsocon·

1023 4425 1085 4482 dita
1099 4429 1168 4482 aunt
1184 4423 1283 4479 omnia
1297 4422 1326 4478 in
1343 4421 1414 4480 eoelo
1429 4432 1456 4480 et
1471 4424 1500 4481 ln
1517 4428 1603 4492 terra,
1619 4423 1743 4482 visibilia
1756 4429 1786 4482 et
1805 4426 1882 4482 inal-

1025 4513 1123 4572 sibllls
1139 4513 1247 4584 (Colore.
1267 4529 1284 4566 ι.
1303 4511 1356 4584 tt).
1373 4511 1447 4568 Sicut
1463 4528 1529 4583 ergo
1549 4512 1684 4570 dedistiet
1704 4516 1884 4588 potestatem,

1025 4602 1134 4676 inquil,
1149 4603 1240 4660 crenis
1254 4600 1360 4661 cornis.
1377 4599 1417 4658 ila
1432 4604 1460 4657 to
1475 4600 1615 4675 glorilicet
1631 4601 1722 4659 lillus
1747 4611 1828 4674 tuus,
1851 4604 1882 4662 id

1024 4701 1078 4761 eal,
1091 4698 1191 4750 notum
1200 4696 1229 4749 te
1242 4691 1584 4765 lacinomnicorniquam
1596 4692 1702 4750 dedisti
1709 4691 1884 4752 ci.Sicenlm

1025 4781 1142 4851 dodlsti,
1153 4784 1183 4836 ot
1197 4780 1356 4853 omnequcd
1370 4779 1473 4837 dedisti
1481 4787 1519 4848 cl,
1533 4780 1576 4837 det
1587 4782 1717 4838 cisuitom
1730 4787 1882 4840 eternam.

1059 4872 1085 4929 3.
1101 4872 1210 4928 ilsesu
1224 4879 1327 4939 caum,
1343 4869 1450 4944 inquit,
1469 4871 1524 4926 citu
1538 4876 1657 4940 osterna,
1673 4873 1702 4926 ot
1718 4878 1883 4943 cognoscunt

1024 4972 1051 5020 tc
1062 4962 1150 5019 estam
1162 4975 1256 5017 oerum
1267 4959 1361 5031 Deum,
1372 4967 1401 5017 cl
1413 4974 1491 5033 quem
1510 4961 1611 5016 mistro·
1623 4960 1712 5017 lesum
1729 4959 1882 5019 Christum.

1023 5050 1101 5109 ordo
1116 5049 1270 5107 verborum
1285 5052 1338 5116 est,
1353 5056 1385 5105 at
1396 5052 1423 5105 te
1436 5055 1461 5106 ct
1476 5064 1554 5123 quem
1569 5048 1670 5106 misisti
1686 5051 1775 5108 lesam
1800 5050 1885 5110 Curi-

1023 5149 1094 5201 stum
1126 5145 1289 5211 cognoscant
1315 5138 1403 5196 solum
1430 5154 1524 5197 cerum
1551 5140 1641 5198 Deam.
1663 5140 1883 5215 consequenter

1023 5232 1103 5291 euim
1114 5229 1272 5303 etSplritus
1282 5232 1399 5287 sanctus
1414 5230 1599 5305 intelligitur,
1616 5232 1685 5304 quia
1695 5231 1823 5305 Spiritus
1836 5241 1884 5295 est

1024 5322 1120 5379 Patris
1129 5324 1158 5378 et
1173 5318 1248 5387 liilii,
1263 5322 1404 5392 tanquam
1417 5318 1546 5379 charitas
1558 5320 1761 5379 subeuntialls
1771 5326 1801 5380 et
1812 5338 1885 5383 con-

1024 5407 1225 5471 substnntlsiis
1239 5408 1401 5467 annornm.
1418 5411 1561 5478 Quoniam
1576 5428 1634 5468 non
1651 5410 1709 5468 duo
1725 5410 1769 5470 dii
1793 5412 1884 5475 Pater

1026 5502 1228 5567 ottilonem
1244 5504 1300 5556 tres
1314 5500 1352 5557 dii
1368 5498 1453 5557 Peter
1465 5508 1493 5558 et
1510 5500 1602 5560 liliis
1622 5512 1648 5559 st
1660 5502 1787 5576 Spiritus
1810 5524 1886 5569 san.

1026 5595 1091 5651 ctus
1102 5609 1110 5661 ς
1122 5590 1170 5647 scd
1186 5586 1252 5663 ipsa
1266 5588 1394 5647 Trinitas
1410 5603 1487 5647 unus
1503 5589 1681 5649 solusvcrus
1707 5592 1794 5652 Deus.
1821 5598 1882 5663 Nes
