3952 6150
122 134 193 200 alal
724 132 973 199 ttxrostttoNts
993 132 1101 199 trehit
1122 132 1228 201 UNUS.
1760 146 1833 207 atsi

117 267 260 327 dictionis
274 264 370 323 crucis
384 264 503 324 ablatus
517 265 717 324 estzcharitas
731 265 949 324 benedictionis
1004 270 1066 324 tore
1099 268 1232 342 superbo
1272 267 1393 327 diaholo
1426 269 1599 342 superbiam
1633 272 1833 344 persuadente

118 358 246 415 Abrahae
257 362 378 430 propter
392 355 564 429 exemplum
576 356 644 413 lidei
658 354 860 427 permanetad
872 355 950 413 Gen·
1004 355 1137 429 dejectus
1149 362 1205 423 est,
1219 357 1383 416 mediatore
1392 357 1499 416 humili
1510 359 1623 417 Christo
1632 361 1832 420 humilitatem

118 452 173 504 tes.
189 445 479 514 Utaansmiatiemm,
492 446 599 518 inquit,
610 446 729 517 spiritus
737 445 951 519 perridemacei-
1005 446 1200 518 persuadente
1213 448 1354 518 erigatur.
1368 451 1441 505 Nam
1456 449 1481 504 si
1496 447 1645 506 FiliusDel
1658 449 1688 505 in
1705 451 1836 508 naturali

117 537 227 609 piamss
240 552 251 592 .·
266 533 365 603 idest,
381 539 414 591 nt
434 550 495 591 non
507 534 591 607 quod
605 536 723 592 timetur·
735 534 766 592 in
780 550 882 604 carne,
897 534 951 591 sed
1004 535 1174 609 aequalitate
1186 537 1278 593 Patris
1294 553 1415 594 manere
1434 537 1530 603 vellet,
1547 554 1600 594 nec
1615 555 1647 595 se
1661 539 1834 608 exinaniret,

118 623 203 700 qnod
216 624 323 696 spiritu
337 623 481 693 diligitur,
496 623 653 679 credituris
669 623 876 683 annuntietur.
1004 622 1135 682 iormam
1149 627 1225 682 servi
1243 626 1393 700 accipiens
1417 627 1551 699 (Philipp.
1568 643 1598 694 rr,
1612 628 1640 699 l)
1656 646 1662 697 ;
1678 644 1739 685 non
1755 630 1836 685 esset

157 718 201 771 ²3.
218 712 320 785 [lb.iu,
333 712 434 783 te-tel.
451 712 533 768 Unde
542 712 633 769 etiam
645 713 813 769 testamenti
824 711 951 768 humani
1007 714 1209 772 mediatorltei
1223 719 1253 771 et
1264 716 1422 772 hominurn
1436 731 1443 770 :
1458 717 1530 790 quia
1545 717 1611 790 ipsa
1624 717 1751 774 trinitas
1759 732 1837 774 unns

121 803 305 861 mentionem
320 801 400 870 iacit,
413 801 496 874 quod
519 802 620 873 utique
634 802 729 859 multo
744 808 788 857 est
803 801 952 857 infirmius
1006 803 1083 861 Deus
1097 808 1151 875 est,
1169 804 1277 861 eadem
1290 805 1321 860 in
1338 805 1444 871 tribus,
1461 809 1543 863 Patre
1559 811 1587 862 et
1600 805 1671 862 Filio
1686 812 1712 862 et
1724 806 1837 878 Spiritu

120 908 216 966 quam
231 891 378 947 divinum.
402 891 502 946 l'amm
521 891 641 946 heminis
664 891 856 962 confirmatam
874 893 954 946 testa·
1007 897 1121 960 sancto,
1137 893 1255 951 deitatis
1270 895 1432 952 eternitate
1443 901 1472 952 et
1486 895 1656 969 aequalitate
1667 900 1840 953 constante.

120 986 250 1051 simiam,
264 982 370 1053 inquit,
381 995 456 1035 acmo
471 980 586 1034 irritum
597 980 676 1051 facit,
689 986 738 1035 aut
748 978 954 1052 superordinal.
1009 983 1055 1039 Sic
1066 984 1167 1055 itaque
1184 984 1288 1040 unicus
1303 984 1392 1040 Filius
1406 984 1469 1052 Dei,
1480 985 1627 1042 mediator
1638 985 1687 1042 Dei
1701 991 1728 1041 ct
1742 985 1839 1041 homi·

123 1072 200 1137 Quia
214 1086 284 1127 curn
310 1073 430 1127 testator
446 1075 541 1126 mutat
560 1074 782 1136 testamentum,
810 1085 870 1127 non
885 1084 954 1125 con·
1008 1086 1082 1127 num
1096 1071 1192 1128 iaetus
1203 1077 1256 1141 est,
1266 1088 1336 1129 cum
1346 1074 1474 1130 Verbum
1488 1074 1539 1130 Dei
1549 1075 1627 1131 Deus
1638 1074 1721 1147 apud
1733 1077 1840 1142 licum,

124 1160 278 1217 firmatum
290 1163 404 1215 mutat:
420 1158 567 1215 testatoris
589 1159 670 1215 enim
685 1163 780 1216 morte
793 1158 955 1217 confirma·
1009 1166 1037 1223 et
1045 1161 1234 1231 maiestatem
1243 1177 1331 1219 suam
1346 1178 1440 1236 usque
1454 1163 1637 1221 adhumana
1650 1163 1800 1235 deposuit,
1812 1167 1841 1219 et

126 1255 184 1307 tur.
201 1247 285 1315 Quod
313 1253 413 1304 autem
430 1263 511 1303 mors
526 1249 673 1305 testatoris
693 1248 771 1306 valet
789 1248 829 1305 ad
849 1248 955 1305 contir-
1008 1248 1209 1306 humilitatem
1223 1250 1390 1307 humanam
1406 1267 1501 1324 usque
1516 1252 1555 1309 ad
1571 1253 1674 1309 divina
1689 1251 1839 1321 subvexit,

126 1337 493 1395 mandumtestamcntum
505 1337 580 1407 ejus,
589 1338 661 1410 quia
671 1336 829 1394 consilium
840 1342 955 1394 mutare
1010 1343 1042 1394 ut
1055 1338 1202 1394 mediator
1211 1344 1288 1396 esset
1302 1339 1378 1397 inter
1392 1342 1484 1397 lleum
1496 1348 1522 1397 et
1532 1342 1670 1398 homines
1682 1342 1775 1399 homo
1786 1356 1839 1414 per

123 1428 358 1500 jamnonpotest
369 1426 441 1492 ;hoa
450 1425 738 1482 incommutabilitas
746 1425 956 1500 promissionis
1009 1426 1103 1487 Deum
1116 1427 1192 1483 ultra
1203 1427 1350 1489 homiues.
1361 1433 1425 1500 lpse
1437 1434 1482 1485 est
1491 1431 1732 1502 enimspcoiosus
1743 1430 1840 1488 lorma

127 1515 176 1573 [lei
194 1515 272 1572 valet
284 1515 323 1571 ad
337 1514 577 1572 confirmandam
597 1514 803 1572 haereditatem
816 1515 955 1583 Abrahae,
1011 1516 1359 1589 praellliishominum,et
1373 1522 1479 1574 unctus
1490 1517 1839 1592 oleoexsultationispras

126 1608 215 1678 enjus
228 1604 303 1660 fides
316 1604 459 1675 deputata
473 1609 516 1660 est
530 1603 570 1661 ad
590 1604 736 1675 justitiam
753 1605 840 1675 (Rom.
856 1622 895 1670 rr,
910 1605 953 1676 e).
1012 1605 1207 1678 participibus
1222 1606 1283 1662 suis
1296 1607 1382 1677 (Psoi.
1399 1623 1473 1673 xnrv,
1490 1606 1546 1680 33).
1571 1608 1673 1665 Sanati
1688 1612 1757 1664 sunt
1771 1622 1842 1678 ergo

127 1696 162 1752 nt
176 1694 245 1751 ideo
255 1709 358 1750 semen
368 1694 506 1759 Abrahae,
522 1694 570 1749 cui
585 1692 665 1749 dictae
678 1701 741 1750 sant
751 1694 957 1765 promissiones,
1012 1693 1051 1752 ab
1066 1694 1217 1766 impietate
1243 1694 1403 1766 superbiae,
1420 1700 1451 1752 ut
1477 1696 1742 1753 reconciliarentur
1769 1697 1840 1765 Deo,

129 1782 958 1854 Christumdicithpostolus,hoeestomnesGhristianos
1011 1783 1196 1857 quicumque
1215 1785 1350 1840 homines
1377 1784 1576 1842 humilitatem
1606 1786 1722 1851 Christi,
1740 1791 1768 1843 et
1784 1801 1840 1858 per

128 1873 188 1929 lide
203 1872 352 1929 imitantes
366 1870 519 1928 Abraham
541 1871 645 1943 :quod
664 1871 704 1929 ad
720 1872 959 1943 singularitatem
1012 1871 1223 1929 revelationem
1243 1879 1408 1945 antequam
1429 1873 1519 1940 lieret,
1537 1878 1567 1930 et
1580 1890 1633 1946 per
1648 1873 1842 1945 Evangelium

127 1961 246 2032 redigit,
260 1960 502 2018 commendando
516 1960 600 2033 quod
624 1961 816 2018 nondictum
841 1966 898 2030 est,
922 1961 959 2017 lit
1014 1967 1213 2034 posteaquam
1228 1961 1306 2018 iacta
1325 1966 1380 2028 est,
1406 1963 1557 2019 credendo
1573 1963 1752 2028 dilexerunt,
1780 1963 1844 2020 dili-

126 2051 284 2116 semiaidm,
301 2050 365 2116 sed,
379 2049 481 2106 Semini
492 2055 537 2106 tac
552 2066 561 2116 ,·
577 2049 649 2122 quia
663 2055 692 2108 et
709 2066 768 2107 uua
780 2054 825 2108 est
833 2050 919 2119 fides,
931 2054 960 2105 et
1014 2050 1112 2123 gendo
1125 2050 1230 2107 imitati
1245 2056 1323 2106 sunt.
1336 2051 1393 2108 Sed
1406 2052 1471 2108 haec
1479 2052 1592 2124 justitia
1603 2052 1684 2119 fidei,
1699 2053 1845 2125 quianon

128 2157 192 2200 non
207 2144 336 2214 possunt
350 2138 484 2196 similiter
496 2138 653 2210 justificari
663 2140 716 2212 qui
726 2140 832 2198 vivunt
841 2155 879 2197 ex
890 2155 959 2213 ope-
1014 2155 1069 2213 pro
1080 2141 1186 2197 merito
1201 2139 1272 2197 data
1284 2144 1329 2196 est
1343 2140 1528 2208 hominibus,
1544 2141 1597 2198 sed
1612 2157 1664 2213 pro
1676 2141 1848 2199 misericor·

129 2231 214 2289 ribus
229 2228 395 2295 carnaliter,
411 2244 482 2285 cum
496 2228 542 2284 his
557 2229 610 2301 qui
625 2229 728 2285 vivunt
744 2245 781 2286 es
803 2227 862 2285 fide
877 2228 960 2302 spiri·
1014 2230 1098 2286 diaet
1108 2230 1203 2300 gratia
1215 2229 1275 2293 liei,
1286 2245 1347 2285 non
1357 2220 1753 2304 cratpopularisantequam
1766 2233 1843 2287 licus

131 2320 256 2378 tualiter.
268 2317 433 2374 Vincuntur
443 2323 544 2374 autem
553 2316 637 2390 quod
647 2317 743 2385 inlert,
758 2319 814 2374 Lex
825 2318 959 2375 nondum
1013 2317 1107 2375 homo
1121 2318 1196 2374 inter
1210 2318 1347 2374 homiues
1362 2324 1543 2375 nasceretur.
1560 2319 1652 2375 Seram
1683 2326 1785 2377 autem
1797 2320 1842 2376 cai

130 2409 204 2466 data
227 2411 299 2476 erat,
316 2423 370 2463 nec
396 2410 495 2479 posset
518 2411 585 2479 post
613 2412 654 2465 tot
668 2422 764 2464 annos
780 2409 821 2464 ita
833 2407 909 2474 dari,
931 2412 961 2464 ut
1013 2409 1175 2479 promissam
1187 2415 1235 2471 cst,
1252 2407 1397 2479 populum
1413 2407 1578 2478 signifieat3
1595 2424 1657 2466 non
1672 2408 1741 2467 illos
1770 2424 1847 2480 pau·

129 2496 271 2568 antiquas
286 2494 413 2551 llbrahre
441 2495 654 2567 promissiones
680 2494 776 2552 irritas
792 2495 909 2552 iaceret,
930 2494 961 2551 Si
1015 2495 1521 2569 cissimosquirevelationibuscam
1534 2497 1665 2554 futuram
1678 2502 1845 2564 cernentes,

130 2585 213 2643 enim
227 2587 284 2641 Lex
294 2584 446 2656 justificat,
461 2599 522 2641 non
546 2588 590 2640 est
601 2583 781 2655 justificatus
795 2584 959 2652 Abraham,
1014 2585 1156 2659 quamvis
1167 2584 1364 2657 pereamdem
1373 2585 1446 2642 salvi
1456 2586 1571 2653 flerent,
1584 2586 1731 2659 populum
1741 2592 1844 2644 tamen

129 2675 184 2748 qui
198 2674 324 2731 multum
334 2680 402 2729 ante
412 2672 521 2743 Legem
534 2671 597 2729 luit.
612 2672 698 2739 Quod
708 2675 782 2746 qnia
792 2674 889 2730 dicere
900 2689 961 2731 non
1015 2674 1132 2733 salvum
1145 2674 1242 2731 iacere
1261 2689 1322 2731 non
1338 2680 1484 2746 poterant.
1507 2676 1561 2741 Oui
1578 2675 1706 2748 populus
1719 2692 1803 2745 sane,
1820 2677 1846 2734 si

129 2768 269 2837 possunt,
280 2767 429 2834 coguntur
439 2760 522 2817 lateri
537 2777 599 2817 non
622 2764 708 2834 Legis
725 2763 867 2835 operibus
878 2763 962 2834 justi·
1016 2779 1069 2838 per
1081 2768 1175 2820 totum
1189 2764 1294 2819 orbem
1309 2762 1514 2820 consideretur
1529 2765 1614 2833 (uam
1638 2763 1675 2820 de
1691 2769 1752 2823 toto
1772 2764 1845 2822 orbe

132 2851 214 2909 fleari
234 2852 400 2914 hominem,
415 2851 467 2906 sed
493 2850 561 2906 lide.
588 2850 682 2907 Simul
697 2853 788 2908 etiam
812 2868 867 2907 nos
884 2852 962 2922 cogit
1016 2852 1178 2909 Ecclesiam
1192 2851 1356 2908 Jerusalem
1369 2851 1519 2909 coelestem
1532 2860 1695 2924 congregat
1708 2854 1843 2927 ¹),pauei

132 2941 305 3011 intelligere,
321 2955 427 2997 omues
440 2942 581 3011 antiquos
595 2941 647 3012 qui
659 2940 815 3010 justificati
833 2945 962 3003 santes
1017 2940 1185 3014 suntquis
1200 2941 1248 2996 via
1273 2947 1401 3011 angusta
1426 2957 1591 3012 paucorum
1607 2947 1673 2999 est:
1690 2942 1721 2999 in
1748 2959 1845 2999 unum

134 3030 202 3101 ipsa
212 3027 269 3084 tide
278 3028 466 3099 justificatos.
480 3027 566 3093 Quod
585 3029 666 3086 enim
679 3044 735 3085 nos
747 3045 783 3085 ex
793 3035 876 3102 parte
889 3045 963 3103 prae-
1016 3036 1118 3087 tamen
1133 3029 1316 3099 congregati,
1332 3034 1481 3102 quotquot
1496 3031 1622 3088 existere
1633 3037 1847 3103 potuerunt,as

133 3119 265 3183 teritum,
278 3117 368 3183 idest,
377 3117 509 3189 primurn
518 3117 820 3185 adventumllomini3
830 3134 866 3174 ex
879 3123 963 3189 parte
1017 3135 1078 3193 quo
1095 3118 1287 3190 Evangelium
1300 3117 1489 3191 predicatur,
1501 3122 1529 3175 et
1540 3125 1690 3193 quotquot
1705 3126 1846 3195 poterunt

134 3206 279 3274 laturum,
295 3205 395 3272 idest,
411 3206 577 3262 secundum
590 3206 754 3264 adventum
773 3207 889 3264 llomiui
903 3222 964 3263 cre·
1019 3207 1155 3280 usquein
1170 3206 1261 3263 tinem
1278 3206 1377 3263 saeculi
1389 3222 1442 3278 per
1456 3222 1561 3264 omnes
1577 3210 1848 3281 gentes,adjunctis

134 3296 236 3354 dendo
247 3295 319 3353 satri
332 3294 496 3352 allicimur:
510 3295 566 3352 hoc
578 3301 672 3352 totum
683 3296 732 3363 illi,
747 3296 842 3363 idest,
854 3302 965 3353 utrum·
1018 3298 1076 3353 sibi
1090 3297 1179 3354 etiam
1203 3295 1269 3363 illis,
1285 3296 1424 3369 quamvis
1440 3297 1640 3369 paucissimis,
1668 3297 1720 3370 qui
1736 3313 1773 3353 ex
1788 3297 1846 3355 lide

134 3402 195 3460 que
207 3384 370 3442 adrentum
393 3383 527 3441 laturum
554 3386 725 3452 credebant,
742 3387 892 3443 revelante
907 3378 967 3442 sint
1020 3386 1149 3459 Domini,
1164 3385 1224 3441 lide
1244 3386 1419 3458 prophetica
1438 3391 1459 3451 ²,
1483 3392 1551 3441 ante
1568 3387 1672 3442 ambos
1696 3385 1845 3443 adrentus

136 3474 407 3548 Spiritusancto,ut
421 3473 494 3529 salvi
509 3474 621 3531 fierent.
633 3474 716 3531 Unde
729 3474 868 3532 estetiam
875 3474 964 3531 illud:
1020 3477 1087 3547 ejus
1101 3474 1228 3531 salutem
1243 3474 1344 3543 gratiae
1360 3479 1564 3547 perceperunt,
1581 3474 1706 3546 implent
1732 3479 1850 3531 sancto·

135 3563 277 3621 Abraham
291 3563 443 3634 concupiuit
471 3562 541 3618 diem
556 3581 643 3620 mcum
666 3564 767 3631 cidere,
795 3571 820 3620 ct
835 3565 915 3631 cidit,
941 3573 966 3621 ct
1018 3581 1087 3636 pum
1103 3563 1308 3621 beatissimum
1320 3562 1445 3619 civitatis
1457 3563 1646 3635 sempiternae
1663 3566 1784 3620 statum.
1796 3564 1849 3620 Su·

134 3654 299 3726 germascit
314 3652 405 3723 (ioan.
427 3667 484 3718 vrri,
500 3653 556 3724 56).
1021 3652 1166 3727 perbienti
1181 3667 1251 3724 ergo
1265 3651 1377 3723 populo
1393 3651 1452 3708 Lex
1467 3652 1563 3724 posita
1576 3656 1631 3720 est,
1649 3657 1680 3708 ut
1700 3651 1847 3726 quoniam

173 3743 293 3815 atqle.
308 3758 347 3808 ru,
364 3743 406 3807 19,
420 3741 476 3813 20].
492 3742 631 3815 Sequitur
643 3743 768 3815 qaeestio
780 3743 852 3800 satis
864 3759 967 3799 neces·
1021 3744 1148 3814 gratiam
1168 3741 1321 3796 charitatis
1351 3741 1406 3797 nisi
1432 3739 1607 3809 humiliatus
1633 3741 1767 3813 accipere
1786 3756 1849 3798 non

138 3831 236 3888 saria:
249 3832 368 3888 sienim
383 3830 456 3885 tides
465 3830 616 3900 justificat,
630 3837 659 3887 et
673 3833 787 3903 priores
799 3834 903 3898 sancti,
915 3832 967 3905 qui
1021 3835 1131 3905 posset,
1143 3835 1171 3886 et
1186 3829 1249 3886 sine
1260 3829 1316 3886 hac
1328 3828 1424 3899 gratia
1434 3827 1516 3885 nullo
1530 3828 1622 3885 modo
1637 3834 1788 3903 praecepta
1798 3831 1852 3886 he·

137 3918 965 3992 apudlleumjuslilicatisunt‚peripsam]ustiflcatisunt‚
1021 3920 1067 3992 gis
1081 3920 1227 3992 impleret,
1245 3917 1711 3989 transgressionehumiliaretur,
1724 3924 1756 3975 ut
1766 3935 1849 3992 ques·

136 4009 210 4083 quid
225 4024 303 4081 opus
313 4008 562 4080 eratLegemdari
577 4009 587 4064 l
601 4010 698 4075 Quam
706 4011 967 4083 quastionemtra-
1020 4013 1097 4067 reret
1108 4011 1245 4080 gratiam,
1258 4023 1313 4065 nec
1324 4009 1428 4065 sesuis
1439 4007 1758 4073 meritissalvumlieri,
1768 4007 1850 4080 quod

134 4097 278 4155 ctandam
303 4097 345 4153 sic
372 4097 477 4163 intulit,
495 4098 692 4169 interrogans,
723 4104 750 4155 et
765 4100 877 4167 diceus,
895 4101 967 4167 Quid
1020 4099 1185 4172 superbum
1200 4104 1254 4164 est,
1269 4099 1442 4171 opinaretur
1448 4116 1458 4166 ;
1475 4102 1591 4155 utesset
1606 4113 1667 4154 non
1682 4098 1713 4153 iu
1726 4114 1782 4154 sua
1796 4113 1851 4170 po·

137 4187 228 4259 argei
242 4189 402 4260 llucusquc
417 4188 498 4243 euim
510 4188 701 4256 interrogatio
716 4192 779 4244 est:
797 4187 906 4245 deiude
922 4190 965 4245 in·
1021 4191 1123 4244 testate
1147 4192 1175 4243 et
1190 4186 1301 4243 viribus
1313 4187 1424 4258 justus,
1448 4186 1500 4242 sed
1516 4186 1546 4242 in
1572 4201 1665 4242 manu
1680 4185 1849 4241 llediatoris

127 4276 231 4333 :fertur
241 4277 407 4349 responsio,
420 4276 476 4331 Les
485 4276 710 4348 trampressicuis
721 4279 814 4349 pratia
827 4278 966 4349 proposita
1018 4275 1206 4349 justificantis
1215 4276 1351 4347 impium.
1368 4275 1558 4347 Perttngelos
1568 4281 1669 4331 autem
1681 4272 1850 4332 ministrata

137 4373 187 4432 est,
213 4365 293 4422 desse
314 4367 426 4433 veniret,
444 4368 549 4439 iuquit,
574 4382 662 4422 semen
676 4368 721 4422 ersi
742 4367 902 4439 promissam
916 4375 964 4435 cst,
1020 4370 1064 4423 est
1078 4366 1177 4423 omnis
1201 4364 1384 4436 dispensatio
1400 4363 1512 4419 Veteris
1537 4362 1727 4429 Testamenti,
1743 4368 1850 4433 agente

137 4455 297 4526 dispositum
308 4471 359 4527 per
372 4454 492 4526 Arspetos
504 4457 535 4512 irs
549 4472 632 4511 mauu
644 4456 813 4513 Mediateris.
827 4457 967 4513 Mediator
1021 4454 1050 4511 iu
1062 4455 1105 4511 eis
1118 4455 1227 4525 Spiritu
1243 4458 1355 4522 sanato,
1372 4456 1400 4507 ct
1415 4451 1480 4524 ipso
1503 4451 1601 4507 Verbo
1614 4450 1759 4514 veritatis,
1774 4465 1850 4507 non·

136 4547 317 4600 astsmsmm
332 4560 384 4599 soa
396 4550 445 4610 cst,
460 4544 530 4600 llam
540 4562 603 4600 ecre
616 4562 687 4601 anus
700 4552 737 4601 est
753 4547 803 4617 (a).
826 4547 967 4604 llediato-
1020 4545 1094 4601 dum
1114 4544 1282 4607 incarnato,
1298 4540 1351 4596 sed
1365 4555 1521 4612 nunquam
1544 4538 1583 4596 ab
1597 4538 1698 4610 aliqua
1720 4538 1850 4598 veridica

137 4649 202 4691 rem
217 4635 320 4690 lesum
333 4633 479 4689 Christum
493 4634 659 4690 seeundum
683 4635 838 4692 hominem
850 4637 919 4703 dici,
931 4653 966 4693 ex
1021 4631 1279 4689 administratione
1294 4629 1462 4685 recedente.
1478 4628 1551 4695 Quia
1563 4644 1615 4701 per
1643 4627 1772 4699 Angelos
1791 4629 1851 4685 dis·

136 4723 189 4780 illa
201 4722 336 4794 ejusdem
348 4722 478 4793 aposloli
493 4723 813 4795 sententialitplanius,
825 4741 895 4781 cum
909 4728 965 4782 ait:
1023 4722 1120 4794 posita
1134 4726 1179 4776 est
1193 4720 1244 4776 illa
1267 4718 1452 4790 dispensatio
1479 4719 1573 4788 Legis.
1600 4734 1670 4775 cum
1684 4718 1849 4790 aliquando

141 4812 217 4869 Unus
230 4813 304 4866 mim
334 4814 414 4876 neas,
430 4827 501 4867 anas
514 4818 538 4866 ct
558 4811 692 4868 mediator
704 4813 759 4868 Dei
783 4820 810 4869 ct
830 4814 968 4871 hominum
1022 4807 1291 4882 suam,aliquando
1302 4809 1350 4864 [lei
1366 4807 1623 4882 personam,sicrrt
1634 4809 1850 4881 Prophetarum

140 4900 216 4956 iacto
224 4899 468 4972 Christssicsmss
484 4901 554 4956 Tim.
569 4919 596 4969 u,
607 4901 647 4972 5).
664 4902 807 4959 Mediator
815 4906 969 4974 ergointer
1022 4900 1112 4955 etiam
1129 4915 1193 4955 mos
1209 4904 1263 4967 est,
1280 4903 1402 4968 agerent
1414 4915 1420 4963 ;
1434 4912 1545 4970 perque
1562 4897 1642 4953 illam
1651 4897 1759 4968 Legem
1772 4911 1852 4952 mor·-

140 4990 237 5046 Deum
250 4989 516 5046 etDeumesseuon
529 4998 641 5063 posset,
653 4991 725 5062 quia
736 5006 813 5047 unus
826 4993 967 5048 estlteus:
1023 4988 1078 5046 hos
1091 4987 1306 5052 ostendentem,
1324 5002 1384 5043 non
1397 4986 1593 5054 auferentem,
1609 4988 1699 5042 etiam
1712 4985 1851 5057 praevari-

138 5078 273 5135 mediator
284 5086 373 5135 auum
386 5078 468 5135 scias
480 5095 533 5135 aaa
548 5080 682 5151 estquis
693 5079 768 5136 inter
778 5080 896 5153 aliquos
909 5097 968 5137 me·
1023 5079 1148 5134 cationis
1172 5077 1297 5132 crimine
1322 5077 1448 5133 coutrita
1471 5081 1515 5131 cst
1539 5075 1680 5145 superbia
1704 5090 1711 5124 ι
1737 5072 1853 5144 dispesi-

138 5168 276 5225 dInsest.
291 5167 394 5239 Angeli
411 5169 574 5239 porr0,qui
600 5183 661 5224 non
676 5167 970 5240 lapsisuntacons-
1024 5173 1082 5222 tam
1108 5172 1147 5221 cst
1176 5165 1470 5237 percepissemus
1492 5165 1522 5219 irs
1545 5166 1651 5218 mortrs⁸
1680 5161 1851 5228 lllcdiatcrs's,

140 5262 231 5330 pectu
245 5256 308 5322 Dei,
325 5257 487 5313 mediatore
507 5271 568 5312 uon
583 5272 661 5329 opus
674 5256 794 5322 hahent,
811 5272 864 5330 per
878 5273 969 5331 quem
1025 5262 1057 5314 ut
1072 5256 1136 5328 ipse
1150 5254 1287 5311 liberaret
1302 5270 1320 5311 a
1335 5257 1473 5326 peccatis,
1493 5255 1557 5325 jam
1572 5268 1625 5325 per
1641 5252 1853 5322 transgressio·

138 5345 970 5419 reconcilientur.ltemangeliquinullosuadentespou-

141 5441 231 5492 ΝΘΕ
254 5433 553 5506 prmficfflmsm
576 5434 655 5507 lapsi
671 5441 814 5508 sum’pffl'
829 5437 971 5493 mediat&
1022 5438 1028 5453 ’
1055 5471 1143 5520 ¹Tres
1160 5470 1231 5529 llas,
1259 5468 1373 5518 Ecclesia
1388 5468 1529 5517 Jerusalem
1553 5468 1673 5517 coelestcm
1698 5472 1849 5533 conpreqat.

141 5539 207 5582 rem
223 5538 285 5580 non
299 5523 537 5581 reconciliantur.
555 5526 654 5582 Restat
666 5539 737 5595 ergo
752 5531 781 5582 ul
797 5526 971 5598 quimedla·
1025 5534 1108 5592 Unus,
1127 5532 1239 5583 Ecclesia
1254 5532 1283 5581 irs
1296 5531 1436 5581 ierusalem
1450 5531 1570 5580 calestem
1583 5535 1760 5594 canprcpatar.

1055 5600 1065 5631 ¹
1077 5598 1120 5647 Sic
1129 5596 1190 5645 llss.
1210 5599 1242 5644 st
1256 5594 1330 5651 Lov„
1346 5608 1376 5643 ce
1390 5594 1439 5656 tide
1452 5593 1560 5643 Domini
1570 5608 1617 5656 per
1631 5595 1804 5657 prophetiam.

175 5658 211 5725 (a)
227 5658 238 5708 l
252 5655 377 5716 ltetract„
394 5670 453 5723 cap.
466 5657 505 5716 il,
515 5670 543 5708 n.
558 5659 582 5709 i.
1057 5659 1122 5710 ’Sic
1131 5658 1220 5724 plures
1232 5657 1295 5709 ides.
1310 5658 1344 5707 tt
1359 5656 1432 5715 editi,
1443 5670 1489 5719 per
1502 5657 1623 5720 Angelos,
1634 5658 1677 5707 sed
1692 5657 1721 5707 irs
1730 5673 1822 5712 marsa.

289 5747 411 5808 Passer..
433 5747 550 5809 XXXV.
1449 5745 1709 5832 (echome-seps.)
