3952 6150
56 179 131 235 2365

55 300 241 381 destructa1,
254 315 381 385 regnum
395 304 435 361 ibi
445 304 579 364 ablatum
591 309 676 381 queri
688 324 751 367 non
766 315 879 382 posset.

54 375 199 440 Quamvis
214 387 295 431 enim
306 376 409 431 oriiuia
424 379 516 448 possit
533 383 618 442 heus,
631 382 704 437 nihil
721 390 820 439 tamen
838 385 878 439 la·

55 446 183 517 citquod
194 446 230 499 sit
239 448 345 503 rationi
357 448 532 507 absurdum.
544 452 879 525 lustitiamenimquam

54 520 155 587 exigit,
169 521 286 574 hancei
299 519 380 583 lacit,
393 536 453 575 uon
467 538 655 590 praesumens
671 525 707 580 de
720 530 877 596 potestate.

55 591 165 659 Magna
179 597 223 668 est
233 604 303 660 ergo
320 592 586 660 providentiaeraa
598 597 878 662 gentishnmuuum,

57 663 240 733 utJ'ustitiam
254 677 384 726 serrone,
394 664 434 717 sic
445 680 557 736 eaquae
565 667 643 735 juste
655 668 774 723 decreta
785 676 878 733 erant,

56 739 195 797 solveret,
209 739 237 788 et
249 734 403 790 hominem
416 751 434 789 a
449 743 540 792 morte
551 746 666 795 erueret
682 759 687 796 ε
703 754 880 811 quanquam

54 819 117 860 nou
128 805 277 861 immerito
290 811 444 860 teneretur.
460 807 516 862 Sed
532 810 603 880 quia
615 811 723 866 invidia
737 811 879 881 deceptus

55 877 154 931 luerat
167 876 289 938 diaboli,
297 878 412 947 justum
422 875 550 933 luithuic
566 881 726 936 subveniri.
741 883 790 938 Uei
801 884 880 938 enim

56 948 205 1003 sententia
216 952 383 1013 tenebatur,
395 949 446 1003 sed
463 949 524 1004 hrec
539 959 679 1020 operatus
693 953 786 1009 luerat
804 959 881 1010 sata·

56 1034 122 1075 nas.
136 1020 218 1074 Uude
233 1021 308 1075 sicut
320 1020 437 1090 justum
451 1022 548 1077 visum
562 1028 605 1078 εει
615 1022 694 1079 hunc
710 1040 822 1089 eruere,
840 1025 880 1081 ita

55 1098 83 1147 ct
92 1091 237 1160 injustum
246 1098 307 1146 crat
320 1094 547 1162 perpotentiam
559 1093 615 1149 hoc
626 1094 731 1161 tacere,
747 1096 881 1167 neglecta

53 1162 180 1234 justitia.
203 1166 300 1217 Victus
319 1163 398 1216 enim
419 1163 510 1218 honio
534 1165 678 1221 suadente
700 1167 831 1231 elisabete,
849 1174 881 1223 ut

54 1235 294 1290 misericordiam
307 1236 462 1305 acciperet,
475 1236 562 1306 quasi
576 1243 731 1293 accusator
742 1238 881 1294 diabolus

55 1306 290 1362 contradicebat.
313 1306 394 1361 Unde
416 1305 447 1359 id
472 1312 572 1362 rictum
587 1313 641 1372 cst,
662 1309 762 1364 utistc
782 1310 880 1383 quiin

56 1387 181 1449 peccato
193 1377 322 1433 hominis
333 1377 525 1446 gloriabatur,
539 1393 667 1448 peceaus
677 1379 880 1450 deprehende·

56 1455 147 1512 retur,
176 1458 207 1503 ut
222 1455 292 1504 tunc
314 1448 437 1503 demum
460 1464 528 1503 reus
548 1449 653 1509 factus.
677 1453 880 1507 contradicere

55 1535 119 1575 non
129 1521 263 1576 auderet.
276 1520 322 1575 Sic
336 1519 502 1575 factumest
513 1525 542 1574 ιιι
556 1521 602 1576 Uei
618 1521 803 1578 Filiusheme
815 1539 880 1578 nas·

56 1598 182 1657 caretur,
197 1601 224 1646 et
232 1592 377 1662 justitiam
389 1591 557 1662 predicans
568 1593 722 1649 diabolum
737 1596 877 1659 incitaret,

55 1663 267 1745 propterquod
282 1661 419 1717 homines
433 1678 451 1717 a
467 1663 542 1717 vitiis
555 1664 619 1732 ejus
632 1665 800 1734 prohiberet
818 1682 824 1730 ;
841 1667 881 1722 ita

57 1740 89 1790 ut
102 1741 131 1791 et
141 1736 293 1791 occideret
302 1750 371 1788 eum
388 1735 438 1805 qni
455 1741 612 1805 peecatum
625 1736 787 1791 nesciebat.
799 1739 879 1792 Titne

56 1822 209 1878 peccasse,
228 1813 258 1861 ει
283 1806 402 1875 gravius
423 1805 546 1877 quidem
566 1823 656 1878 qnam
678 1808 770 1863 horno
789 1824 879 1879 quom

56 1879 232 1940 accusabat,
246 1877 383 1932 inretitus
398 1887 451 1931 est.
462 1877 535 1932 Cum
551 1878 630 1933 enirn
646 1894 681 1933 ex
698 1879 746 1934 Uei
762 1879 880 1934 decreto

57 1956 181 2022 propter
197 1954 350 2020 peccatum
371 1946 526 2003 hominem
545 1949 601 2003 sibi
620 1949 793 2014 vindicaret,
809 1952 880 2022 quia

57 2023 110 2092 qui
127 2028 239 2092 peccat,
256 2036 292 2074 ex
306 2024 390 2090 parte
405 2019 571 2074 diaboliesl
585 2021 740 2085 ,inventus
756 2027 800 2077 est
814 2023 880 2092 plus

57 2108 212 2164 peccasse,
226 2108 294 2146 cum
310 2107 377 2146 eum
393 2093 444 2162 qui
461 2106 520 2145 nou
535 2097 710 2161 peccaverat
725 2092 879 2158 interierit,

59 2170 92 2220 ut
104 2165 160 2219 sibi
173 2168 338 2234 usurparet.
355 2163 406 2216 l‘er
418 2169 544 2217 mortem
558 2178 629 2232 crgo
644 2166 732 2219 morti
746 2163 881 2220 interitus

57 2236 236 2292 subintravit
253 2251 260 2299 ;
278 2241 309 2289 ut
321 2235 446 2303 sanguis
461 2240 662 2304 recuperatur,
674 2235 798 2303 sanguis
808 2235 881 2291 cffu-

59 2323 111 2361 sus
126 2315 169 2362 est
181 2323 187 2361 :
200 2308 282 2378 quia,
300 2312 330 2361 nt
344 2305 414 2370 dixi,
440 2306 541 2360 mortis
557 2310 671 2372 auctor,
689 2308 799 2380 quiesi
818 2308 882 2363 dia·

57 2377 158 2442 bolus,
185 2380 329 2450 quoniam
357 2392 497 2448 peccasse
528 2376 559 2431 in
587 2385 682 2433 morte
719 2378 880 2435 salvatoris

59 2450 199 2504 inventus
213 2457 267 2514 est,
287 2450 467 2518 sauguinem
484 2448 549 2518 ejus
569 2464 637 2503 curn
658 2452 793 2505 emnium
813 2467 879 2505 nos·

58 2521 260 2576 tramamisit:
273 2522 344 2591 quia
358 2523 591 2591 sicutperuuum
600 2521 688 2575 Adam
698 2529 880 2591 peccantem,

57 2606 166 2647 omnes
181 2593 211 2647 in
227 2597 321 2647 morte
335 2592 456 2646 tenebat
472 2611 478 2649 r
494 2591 534 2644 ita
547 2607 599 2661 per
620 2607 713 2647 riuum
733 2608 793 2647 noa
813 2608 881 2663 pec·

60 2671 179 2719 cantem
208 2679 313 2718 omnes
332 2663 441 2718 auiisit.
468 2664 540 2729 Ergo
571 2665 694 2727 sanguis
723 2663 881 2719 salvatoris

58 2733 146 2790 lusus
173 2734 294 2803 injuste,
319 2734 376 2790 hoc
407 2735 559 2805 proemium
587 2738 597 2768 ¹
623 2740 800 2789 consecutus
827 2741 880 2800 est,

60 2811 93 2861 ut
124 2804 247 2875 originis
274 2822 336 2860 suae
358 2819 533 2874 sangumem
561 2818 628 2859 cum
660 2806 812 2877 triumpho
839 2822 882 2861 re-

58 2891 210 2946 cuperans
224 2878 263 2932 ad
277 2878 435 2946 pristinum
445 2880 555 2930 statum
567 2882 718 2931 revocaret
729 2877 882 2934 meliorata

58 2949 242 3004 substantia.
261 2948 345 3004 Victa
360 2949 438 3003 enim
452 2962 541 3012 mors,
558 2946 584 3001 ei
598 2946 651 3017 qni
665 2947 746 3003 illam
761 2949 880 3013 vicerat,

57 3034 120 3075 non
142 3021 237 3091 poluit
262 3019 474 3076 contradicere.
496 3019 617 3072 Beatum
639 3019 738 3089 itaque
764 3021 882 3075 Paschre

58 3091 247 3162 mysterium,
270 3091 352 3163 quod
376 3106 429 3162 per
456 3090 632 3155 sanguinem
662 3105 717 3144 nes
746 3090 881 3156 redemit,

56 3166 155 3217 morte
165 3177 219 3234 per
230 3168 354 3244 mortem
366 3163 492 3225 devicta,
504 3161 579 3216 sicut
589 3161 663 3217 solet
676 3176 824 3218 venenum
837 3178 880 3219 ve·

60 3248 141 3289 neno
154 3249 299 3305 superari.

369 3303 575 3360 neinuinen³.

93 3375 184 3432 cxvtt
199 3376 248 3448 (a).
263 3407 297 3417 -
312 3376 405 3445 liujus
424 3374 600 3448 patriarche
613 3373 687 3428 tides
703 3378 763 3430 tam
781 3375 881 3445 praeci·

56 3462 118 3518 pua
135 3450 163 3503 et
175 3447 361 3502 admirabilis
376 3447 440 3512 luit,
459 3454 488 3502 ut
507 3446 603 3500 crateri
619 3461 725 3500 omnes
742 3446 815 3515 justi
833 3462 883 3516 pa·

57 3524 133 3573 trem
151 3519 229 3574 hrine
249 3518 431 3574 credulitatis
447 3518 494 3573 Uei
508 3517 621 3586 judicio
641 3515 810 3583 fateantur3
828 3533 881 3572 uec

59 3589 96 3645 sil
111 3589 220 3660 aliquis
243 3593 300 3645 er
323 3590 435 3654 diceus
460 3596 487 3642 et
509 3589 628 3651 charus,
646 3588 701 3641 uisi
725 3589 787 3658 ejus
803 3588 881 3642 filius

59 3659 150 3716 fuerit
164 3660 341 3730 intrpellotus.
364 3661 559 3731 l‘raerugatira
580 3661 659 3713 euim
679 3659 804 3714 honoris
818 3660 883 3729 ejus

54 3746 90 3787 ac
106 3732 202 3788 meriti
216 3732 289 3786 lidos
301 3736 355 3795 est,
370 3723 463 3802 qiraui
474 3746 541 3785 cnm
556 3729 645 3785 rebus
660 3730 883 3785 incredibilibus

57 3802 132 3857 dare
149 3819 207 3858 uon
223 3804 357 3871 ambigit,
375 3807 449 3857 iuter
468 3808 574 3856 cretera
588 3802 677 3857 ctiam
699 3802 882 3856 salvatorem

55 3874 159 3928 videre
171 3875 279 3943 dignus
290 3874 399 3929 exstitit
414 3877 442 3928 ιιι
456 3889 508 3943 spe
519 3874 529 3908 ⁴
542 3878 611 3926 tunc
622 3873 727 3927 iuturus
742 3873 883 3928 lucarna-

55 3945 155 4009 tiouis,
180 3946 298 4000 dicente
323 3951 351 4000 et
373 3946 519 4016 probante
543 3945 668 3998 bouriuo
691 3945 728 3998 ad
752 3943 881 4006 ludaeos,

54 4016 199 4071 Abrohom
216 4024 295 4087 pater
307 4024 393 4071 cester
406 4018 508 4087 cupivit
519 4022 548 4070 ut
563 4016 668 4070 cirteret
687 4016 757 4069 diem
776 4031 883 4079 meum,-

55 4094 81 4142 ct
103 4087 184 4155 cidit,
208 4095 232 4142 cl
256 4089 363 4158 poeitae
384 4094 421 4142 est
437 4090 529 4155 pleon.
557 4103 616 4153 vrri,
643 4087 697 4158 56).
724 4086 779 4151 Qui
801 4088 881 4141 enim

58 4160 163 4213 nierito
186 4159 253 4213 fidei
270 4166 354 4231 pater
367 4158 463 4213 lactus
478 4163 531 4223 cst,
548 4158 673 4226 <ligerim
691 4157 744 4211 init
760 4161 791 4211 ut
807 4157 882 4212 lutu-

55 4245 158 4286 rorum
171 4230 298 4286 tiliorum
310 4246 432 4285 suorum
443 4245 528 4300 spem
540 4228 725 4299 praevideret,
761 4244 804 4283 ιιιε
817 4244 880 4299 pro·

55 4302 129 4374 pilio
144 4308 170 4357 et
185 4303 308 4371 provido
324 4303 382 4356 er
393 4301 574 4356 ιιιειειιιιειιε
587 4300 680 4368 gretia
694 4301 732 4354 ab
770 4315 881 4354 umauo

55 4378 85 4427 ct
103 4373 154 4444 pie
169 4380 252 4444 patre
268 4375 296 4428 in
316 4373 391 4427 lilios
412 4373 610 4442 obsequentes
630 4372 820 4425 redundaret.
837 4371 883 4425 Vi-

55 4445 181 4499 dcamus
201 4459 280 4498 nunc
300 4444 371 4514 quid
389 4443 512 4498 credidit
527 4442 602 4496 ihtes
620 4442 692 4505 ιιεε,
708 4447 739 4496 ιιι
758 4442 797 4496 ad
821 4448 881 4497 tau·

57 4520 120 4569 tum
132 4514 277 4569 honorem
291 4521 318 4568 et
329 4515 455 4587 gloriam
466 4513 568 4568 divino
577 4512 689 4582 judicio
704 4513 880 4583 perveniret.

58 4586 159 4641 Fidem
175 4586 378 4650 laudavimus,
389 4585 440 4640 sed
477 4584 527 4639 uid
542 4583 677 4647 credidit,
691 4584 826 4639 nondum
839 4584 882 4639 di-

55 4657 165 4711 ximus.
184 4657 317 4712 Educens
336 4658 445 4711 etenim
488 4671 544 4710 unc
559 4656 701 4710 Uominus
712 4656 841 4710 ostendit
855 4655 881 4710 ci

55 4728 157 4784 stellas
167 4727 244 4791 coeli,
260 4734 287 4783 et
301 4729 374 4782 dixit
389 4726 437 4783 :Si
447 4733 522 4795 putes
535 4743 680 4782 attinuere
694 4726 762 4781 ecs?
775 4727 816 4782 Sic
827 4729 881 4782 erit

53 4815 141 4855 remen
153 4806 239 4854 trram.
257 4800 293 4854 Et
307 4798 429 4854 credidit
444 4799 586 4853 Abrohom
602 4799 666 4861 ιιεε,
686 4805 710 4852 ει
721 4804 881 4864 reputatum

53 4878 93 4924 ert
106 4871 133 4925 ei
145 4871 182 4925 od
190 4871 333 4941 justitiam
344 4871 421 4941 (Gru.
439 4886 487 4928 xv.
504 4874 530 4936 5,
544 4869 583 4936 6).
599 4871 661 4923 ιιοιι
676 4883 821 4935 inagnum
835 4886 880 4924 es·

53 4948 97 4996 εει
112 4943 277 4997 credidisse
293 4946 360 5008 ιιεο,
378 4942 434 4996 ιιιει
456 4942 528 5011 utria
542 4940 624 5012 quod
638 4939 773 5000 credidit,
793 4956 880 4995 mua·

52 5012 110 5068 dus
126 5028 186 5068 nou
199 5014 421 5068 credendumet
436 5012 560 5066 stultum
569 5011 687 5081 jiulicat
698 5028 705 5076 ;
717 5011 790 5082 quia
802 5011 880 5065 istud

53 5082 83 5139 in
95 5099 149 5154 spe
161 5100 259 5139 rerum
273 5091 387 5140 naturae
402 5099 461 5140 non
473 5088 525 5137 εει.
541 5083 624 5138 Unde
637 5083 786 5137 Abraham
804 5098 881 5137 ιιιιιιε

53 5170 69 5211 ε
85 5156 202 5210 ιιιιιιιιιο
216 5156 290 5227 qiiia
311 5157 367 5211 hoc
386 5155 518 5219 credidit,
534 5162 706 5224 segregatus
722 5171 739 5208 a
753 5153 882 5208 munda-

53 5227 110 5290 nis,
132 5227 379 5296 justitieatusesl.
405 5229 463 5282 lloc
488 5239 558 5294 ergo
573 5226 733 5280 credidisse
757 5224 882 5295 pertidia

54 5299 220 5354 mundanae
237 5299 391 5368 sapientia
414 5311 558 5365 maguum
575 5295 653 5363 lacit,
669 5302 774 5352 contra
794 5296 880 5367 cujus

85 5423 156 5471 ιιιε.
175 5421 351 5477 Colbcrtinus,
378 5427 406 5471 ιιι
423 5421 451 5469 ιιι
469 5421 573 5493 laetitio
584 5434 660 5483 opere
675 5435 721 5470 ruo
745 5422 879 5470 destructo.

86 5484 171 5534 ’Mes
182 5485 359 5541 colbertinus,
374 5484 475 5545 premit
493 5483 605 5532 domiue.

87 5546 224 5597 ¹Addunt
247 5547 369 5609 quiedam
388 5546 527 5605 editiones
545 5552 567 5594 ct
585 5547 638 5609 rjus
655 5545 704 5608 fide
721 5560 770 5609 quo
787 5546 881 5595 meruit

52 5610 169 5673 fidelium
186 5614 260 5671 poter
276 5611 413 5673 appellari.

85 5673 151 5722 ⁴hls.
170 5673 346 5729 Colbertinus,
362 5673 390 5720 iu
404 5671 492 5734 specie.

85 5736 124 5799 (o)
140 5736 220 5786 Deest
231 5736 259 5785 in
273 5735 335 5786 ιιεε.
351 5733 461 5787 secundi
476 5732 592 5798 generis.

817 185 1004 245 APPENUIX.

1695 194 1769 255 2366

934 327 1020 383 spem
1032 311 1090 369 hoc
1102 312 1278 378 credidisse,
1293 316 1416 374 maximi
1430 316 1528 372 meriti
1544 321 1598 374 est.
1623 321 1678 375 Ues
1701 335 1766 378 era·

934 385 975 439 lio
987 385 1067 440 enim
1084 385 1317 450 mundanorum,
1332 391 1468 445 meritum
1484 394 1528 443 est
1544 396 1572 444 et
1587 405 1655 461 spes
1692 392 1766 447 hris-

935 458 1093 512 tianornm.
1114 456 1265 514 Bonorum
1286 461 1366 515 cuim
1389 461 1557 532 praescium.
1578 476 1670 517 causa
1692 462 1765 520 facit

935 527 1100 583 malorum:
1117 528 1220 584 fortior
1232 545 1362 602 eamque
1374 538 1402 587 et
1415 532 1533 602 plenior
1543 531 1617 586 fides
1630 539 1683 598 εει,
1693 549 1764 590 cum

934 614 965 652 se
979 600 1205 655 incredibilibus
1217 603 1314 672 magis
1328 604 1493 657 committit.
1506 604 1688 658 llornoeuim
1699 605 1764 674 jam

935 670 1037 724 aridus
1052 677 1081 725 et
1095 671 1133 726 ιιε
1146 687 1235 727 uxore
1248 673 1365 728 articula
1382 689 1485 727 semen
1499 690 1530 728 ee
1544 674 1669 729 credidit
1680 675 1764 731 habi·

936 747 1045 805 turum,
1057 742 1138 813 quod
1152 759 1212 814 prre
1229 747 1316 816 copia
1328 746 1480 799 numerari
1495 760 1552 799 non
1569 751 1687 815 posset:
1703 762 1764 803 non

933 812 991 867 hoc
1006 816 1101 880 magis
1119 815 1279 886 respiciens
1292 819 1374 887 quod
1386 821 1542 871 ostensum
1555 822 1609 881 est,
1619 816 1764 874 sedillum

934 885 986 1009 flul
996 885 1136 951 ostendit,
1153 887 1269 941 mentiri
1282 903 1370 959 posse
1386 904 1445 942 uon
1460 889 1621 942 aestimans.
1635 886 1765 960 ideoque

956 957 1145 1025 epulatumei
1156 965 1198 1013 εει
1208 958 1246 1012 ad
1253 959 1409 1029 justitiam.
1420 961 1493 1014 Nam
1511 974 1574 1014 rem
1589 960 1765 1027 absurdam,

935 1032 963 1081 et
976 1042 1043 1098 qirre
1060 1029 1252 1099 impossibilis
1263 1031 1363 1096 scitur,
1381 1031 1496 1084 hebetis
1512 1037 1555 1084 est
1568 1029 1695 1094 credere,
1710 1032 1765 1087 uisi

936 1113 1064 1168 persona
1078 1101 1115 1154 ειι
1126 1115 1193 1171 quae
1206 1101 1285 1155 credi
1297 1102 1374 1156 istud
1385 1100 1501 1155 suadet.
1514 1100 1596 1155 Unde
1612 1100 1765 1158 Abraham

935 1175 962 1223 et
980 1170 1168 1225 admirabilis
1190 1171 1258 1225 lidei
1282 1178 1337 1236 εει,
1354 1178 1383 1227 ει
1407 1171 1505 1227 cordis
1521 1171 1617 1241 periti,
1639 1171 1712 1228 dum
1738 1178 1766 1229 ει

934 1239 1007 1294 ιιιιιιι
1021 1241 1112 1295 credit
1122 1241 1205 1313 quod
1216 1243 1388 1298 incredibile
1401 1249 1455 1306 est,
1468 1249 1496 1297 et
1505 1243 1573 1297 huic
1585 1259 1616 1297 se
1629 1243 1765 1298 commit·

935 1311 967 1366 tit
990 1312 1036 1365 cui
1060 1328 1118 1366 non
1134 1312 1253 1367 credere
1269 1320 1296 1367 et
1310 1313 1431 1369 stultum
1446 1320 1489 1367 cst
1505 1320 1531 1369 et
1552 1314 1764 1384 periculosum.

933 1381 1034 1437 Fidem
1059 1383 1138 1439 euim
1166 1390 1300 1439 nostram
1326 1384 1384 1439 hoc
1412 1385 1519 1454 prohat
1542 1385 1763 1452 rationabilem,

934 1453 1008 1525 quia
1019 1469 1078 1509 non
1090 1455 1127 1509 ιιε
1140 1454 1199 1511 alio
1212 1470 1303 1526 quam
1315 1456 1352 1509 ιιε
1367 1455 1425 1509 [ιεο
1441 1455 1544 1516 credit,
1562 1471 1648 1526 posse
1662 1456 1763 1527 ipsum

934 1525 1015 1595 quod
1027 1527 1177 1606 promittit.
1195 1529 1254 1581 ιιεε
1267 1541 1338 1596 crgo
1353 1525 1420 1581 tidei
1433 1525 1695 1597 propugnaculum
1709 1533 1764 1591 εει,

935 1597 981 1650 hic
997 1598 1180 1668 triumphus.
1199 1598 1284 1662 Οιιοιι
1303 1598 1517 1668 perspicientes
1527 1596 1650 1668 quidam
1659 1597 1765 1653 mundi

935 1668 1095 1738 sapientes,
1111 1670 1183 1741 quia
1199 1684 1296 1722 rerum
1310 1675 1416 1723 natura
1431 1668 1488 1723 hoe
1502 1683 1561 1722 non
1573 1672 1681 1740 potest,
1691 1668 1766 1723 stul·

935 1744 996 1793 tutu
1023 1738 1105 1794 aiunt
1134 1739 1261 1794 credere.
1292 1744 1464 1808 lgnoranles
1490 1739 1563 1809 quia
1599 1739 1766 1794 secundum

934 1811 1119 1878 Apostolum,
1132 1811 1200 1882 qood
1212 1810 1326 1865 stallum
1339 1818 1376 1865 ειι
1389 1811 1448 1876 Uei,
1465 1810 1617 1879 sapientius
1631 1818 1669 1865 ret
1682 1810 1766 1865 tremi·

934 1880 1012 1934 uibus
1028 1881 1049 1951 (t
1065 1882 1126 1936 Cer.
1144 1899 1162 1945 ι,
1183 1884 1237 1951 ιιι).
1253 1883 1338 1939 lusto
1357 1881 1438 1937 cuitu
1459 1880 1564 1935 stultos
1580 1896 1634 1935 nos
1650 1882 1766 1951 judice-

934 1953 1045 2007 renisi
1072 1952 1129 2008 hoc
1149 1954 1185 2008 de
1207 1968 1303 2008 rernm
1334 1959 1440 2008 natrrra
1464 1951 1665 2017 crederemus,
1680 1952 1763 2024 quod

935 2024 1080 2094 probatur
1102 2040 1161 2079 nou
1180 2040 1277 2095 posse.
1300 2027 1388 2079 Porro
1404 2028 1504 2078 autem
1524 2038 1560 2077 ca
1581 2038 1765 2095 quaererem

934 2100 1041 2151 natura
1051 2110 1111 2151 non
1127 2102 1230 2165 potest,
1243 2111 1298 2150 nos
1310 2096 1402 2151 Usum
1414 2094 1564 2150 credimus
1573 2110 1663 2166 posse
1675 2094 1766 2150 lactu·

934 2182 1002 2221 rum
1019 2168 1043 2221 ει
1061 2168 1239 2237 promiserit.
1260 2168 1332 2232 Quae
1348 2168 1378 2221 io
1401 2167 1456 2221 hac
1476 2181 1507 2220 re
1533 2172 1629 2236 potest
1644 2166 1767 2222 stultitia

934 2238 1151 2309 deprehendi?
1175 2240 1202 2293 Si
1227 2246 1327 2293 autern
1353 2237 1510 2307 indiguum
1537 2237 1597 2291 er
1621 2241 1665 2293 εει
1688 2252 1766 2309 opus

933 2308 1016 2380 quod
1029 2325 1116 2380 posse
1129 2310 1268 2373 creditur,
1280 2314 1356 2364 recte
1370 2308 1445 2365 fides
1458 2307 1631 2363 hebetudini
1643 2323 1767 2380 compe-

935 2386 1038 2435 ratur:
1079 2381 1138 2435 uod
1154 2380 1179 2434 si
1200 2381 1326 2449 dignum
1337 2386 1391 2443 est,
1410 2394 1461 2451 per
1477 2379 1506 2433 id
1521 2378 1604 2449 quod
1619 2383 1765 2435 creaturae

935 2396 1121 2521 impossibile
1142 2457 1187 2506 cst
1202 2470 1209 2520 ;
1226 2468 1280 2507 cur
1295 2467 1355 2507 uon
1370 2451 1514 2507 laudante
1533 2449 1608 2505 fldcs
1624 2455 1678 2519 εει,
1695 2465 1765 2522 qum

936 2528 1049 2577 tantuin
1070 2524 1122 2577 dat
1134 2524 1278 2590 Creatori,
1294 2528 1443 2596 quantum
1459 2528 1594 2576 creatura
1607 2536 1696 2592 posse
1711 2537 1765 2577 ne·

935 2591 1048 2662 gatar?
1061 2595 1183 2662 Magnus
1199 2609 1273 2663 ergo
1288 2602 1316 2649 et
1331 2592 1519 2648 admirabilis
1535 2592 1699 2657 Abraham,
1713 2593 1765 2665 qui

934 2670 1037 2720 contra
1054 2666 1159 2719 miindi
1172 2667 1350 2720 sententiani
1369 2667 1427 2719 lico
1437 2663 1561 2717 credere
1575 2678 1635 2718 uon
1647 2663 1767 2720 dubita·

935 2736 987 2800 vit,
996 2737 1068 2807 quio
1083 2736 1179 2790 lacere
1192 2742 1285 2806 potest
1295 2735 1376 2807 quod
1387 2734 1543 2805 promittit.
1557 2733 1669 2790 Natura
1680 2734 1766 2791 Chal-

935 2805 1029 2871 ιιιειιε,
1055 2809 1195 2877 magister
1220 2806 1404 2862 credulitatis
1430 2805 1572 2876 apparuit
1594 2826 1601 2860 :
1622 2806 1765 2876 quamvis

936 2877 1103 2945 astrologiae
1120 2879 1240 2949 peritus,
1260 2880 1350 2933 Uenm
1367 2883 1465 2932 tamen
1482 2877 1645 2947 praeposuit
1659 2875 1767 2933 huma-

936 2965 975 3003 no
991 2948 1126 3013 consilio,
1144 2949 1270 3017 dignum
1286 2950 1439 3004 aestimaus
1459 2948 1484 3001 ει
1502 2948 1558 3003 hoc
1573 2946 1713 3004 credatur
1727 2949 1765 3004 de

938 3022 1006 3085 ιιε-ο,
1023 3020 1106 3089 qirod
1127 3019 1282 3091 quomodo
1311 3020 1372 3080 h'at.
1390 3019 1561 3088 investigari
1577 3034 1636 3073 nou
1659 3019 1763 3089 possit.

937 3090 1144 3145 infirmitatem
1159 3091 1238 3145 enim
1250 3106 1338 3145 sitam
1354 3091 1403 3144 Uei
1417 3090 1551 3160 potentia
1563 3090 1764 3159 confirmavit,

936 3163 1008 3233 quia
1021 3161 1060 3215 ad
1072 3161 1234 3232 majestatis
1250 3161 1436 3217 sumunicanr
1444 3159 1681 3228 magnitudinem
1698 3177 1767 3232 pro-

937 3232 1118 3296 testantium,
1133 3233 1229 3288 iecere
1244 3234 1418 3304 disponeret
1441 3247 1508 3303 qua
1523 3230 1721 3301 impossibilia
1739 3236 1767 3288 et

936 3305 1070 3360 inaudita
1086 3311 1153 3359 sunt
1170 3303 1295 3367 mundo,
1312 3319 1369 3375 quo
1384 3303 1463 3358 tacto
1476 3301 1645 3358 ostenderet
1661 3317 1693 3356 se
1710 3301 1765 3382 Uo·

937 3376 1052 3431 minum
1064 3381 1217 3442 ereatura,
1229 3381 1257 3431 et
1269 3380 1405 3430 creatura
1417 3373 1577 3443 subjiceret
1586 3388 1618 3428 se
1631 3372 1669 3438 ei,
1681 3388 1767 3444 cujus

936 3462 1013 3518 opus
1029 3447 1139 3503 crateris
1153 3447 1294 3503 erunibus
1306 3444 1491 3517 impossihile
1505 3444 1656 3523 videretur
1670 3459 1677 3508 ;
1689 3458 1765 3515 quo-

937 3534 1003 3572 rum
1032 3519 1236 3573 incredulitate
1270 3519 1336 3588 plus
1364 3515 1547 3572 sublimatur
1572 3513 1767 3571 fidelissimus

938 3589 1187 3644 attrahamtuda
1202 3589 1281 3644 enim
1289 3589 1363 3659 ejus,
1373 3587 1594 3642 incredulorum
1603 3591 1744 3657 poeoaesi
1758 3601 1765 3641 :

937 3661 1159 3716 incredulorum
1170 3655 1766 3729 perfidia,gloriaejusest.Namfldelium

936 3740 980 3786 εει
990 3739 1081 3802 pater,
1092 3730 1291 3786 etinlldelium
1303 3737 1346 3783 est
1353 3730 1456 3799 judex.
1471 3729 1562 3800 Hujus
1576 3728 1657 3783 enim
1668 3742 1767 3783 exem-

937 3802 986 3872 pto
1002 3812 1029 3857 et
1045 3803 1115 3859 boni
1130 3809 1242 3857 aeterna
1256 3805 1313 3856 vita
1328 3801 1489 3864 donantur,
1505 3807 1533 3853 et
1551 3797 1638 3854 ιιιειιε
1655 3804 1767 3855 aeterna

937 3874 1090 3929 dabuntur
1105 3872 1248 3945 supplicia
1263 3874 1283 3927 ¹.
1300 3872 1353 3926 lllo
1366 3871 1445 3927 euim
1456 3875 1591 3941 tempore
1604 3885 1665 3942 quo
1679 3886 1767 3926 mun·

937 3945 993 3999 dus
1005 3943 1103 4000 adhuc
1117 3945 1239 3999 scientio
1250 3943 1392 4013 parvulus
1404 3948 1477 4011 erat,
1487 3958 1540 3997 nec
1551 3940 1643 4009 signis
1654 3956 1689 3997 ac
1701 3956 1768 4011 pro·

936 4015 1027 4083 digiis
1046 4032 1113 4088 quac
1134 4015 1173 4071 ad
1194 4015 1282 4070 tidem
1306 4015 1488 4070 attraherent
1507 4013 1684 4077 illustratus,
1708 4012 1768 4069 Uco

938 4092 1040 4142 contra
1053 4088 1206 4142 scientiam
1220 4086 1402 4141 suamtldem
1415 4100 1474 4140 non
1488 4084 1660 4153 denegavit.
1675 4085 1768 4139 Sanc-

938 4164 984 4212 tus
1001 4158 1092 4227 igilur
1103 4159 1255 4213 Abraham
1270 4158 1440 4229 exerrrplum
1453 4157 1552 4226 generi
1565 4154 1700 4210 humano
1714 4156 1771 4209 da·

937 4235 984 4285 lus
1010 4235 1053 4284 est
1080 4230 1284 4284 fidelissimus.
1310 4231 1343 4286 In
1374 4229 1439 4299 ipso
1462 4228 1541 4281 enirn
1568 4226 1767 4297 praetigurata

937 4305 1007 4355 sunt
1024 4317 1130 4356 ornnes
1147 4306 1248 4368 gentes
1270 4299 1309 4355 ad
1331 4299 1459 4353 salutem
1471 4298 1569 4352 venire
1577 4311 1636 4421 Xer
1651 4294 1765 4350 tidem:

936 4368 1573 4442 cujusutsupcrabuurlansincrementumfi
1599 4367 1768 4422 einoscere-

937 4448 992 4510 tur,
1006 4449 1144 4507 tentatur,
1162 4458 1197 4496 ac
1217 4441 1339 4511 jubetur
1359 4440 1456 4494 lilium
1477 4455 1565 4494 suum
1582 4438 1641 4494 Uco
1656 4438 1766 4494 immo·

936 4514 999 4569 lare
1017 4531 1023 4580 ;
1042 4514 1124 4587 quod
1145 4515 1254 4567 lactum
1276 4527 1335 4566 nou
1354 4516 1417 4566 erat
1440 4525 1573 4582 unquam
1595 4511 1634 4579 (et
1650 4524 1705 4563 nec
1723 4508 1766 4564 rei

935 4588 1065 4640 novitate
1093 4584 1236 4648 turbatur,
1263 4598 1318 4637 uec
1342 4582 1480 4652 disputat
1496 4597 1534 4636 an
1558 4580 1620 4635 lieri
1643 4579 1766 4636 deberet

937 4659 993 4712 er
1011 4656 1133 4726 jubente
1149 4653 1354 4725 parricidium,
1371 4654 1423 4724 qui
1446 4651 1642 4708 homicidium
1661 4667 1698 4706 ne
1713 4652 1767 4706 lie-

936 4726 1185 4782 retcomrniuatus
1195 4730 1249 4779 εει.
1260 4725 1306 4781 Sic
1316 4724 1353 4780 dc
1366 4725 1416 4780 Dei
1430 4724 1582 4779 voluntate
1597 4722 1765 4795 intrepidus

936 4805 964 4853 ct
979 4813 1111 4861 secunus,
1124 4812 1183 4852 nou
1200 4801 1361 4852 cunctatur
1371 4796 1531 4868 providum
1547 4809 1610 4850 esse
1625 4794 1709 4866 quod
1720 4795 1766 4865 ju·

935 4869 985 4924 bet
1001 4870 1090 4939 tleus)
1101 4885 1107 4921 :
1118 4874 1144 4923 et
1160 4868 1241 4923 hunc
1253 4868 1347 4923 illium
1363 4884 1454 4939 quem
1471 4867 1533 4923 duo
1548 4882 1634 4922 senes
1649 4882 1685 4921 ex
1700 4880 1767 4935 pro·

937 4941 1079 4995 missione
1095 4945 1299 5010 susceperant,
1316 4941 1471 5010 proemium
1491 4937 1571 5001 fidei,
1591 4937 1767 4992 meritorum

936 5012 1075 5077 indicem,
1092 5018 1119 5066 et
1133 5014 1160 5066 iu
1177 5026 1238 5083 quo
1254 5012 1354 5066 omnis
1372 5027 1441 5082 spes
1456 5027 1490 5066 ex
1508 5009 1708 5081 promissione
1720 5005 1767 5061 ιιι-

936 5085 991 5138 turi
1012 5083 1133 5138 seminis
1154 5082 1328 5138 habebatur.
1352 5082 1437 5148 Quod
1458 5087 1487 5136 ut
1506 5081 1588 5136 omni
1606 5078 1766 5135 devotione

936 5154 1080 5226 iiupleret,
1105 5155 1189 5208 matri
1206 5154 1270 5220 ejus
1284 5170 1343 5209 non
1362 5153 1510 5217 iudicarit,
1529 5150 1665 5221 nequod
1685 5148 1766 5204 dica·

937 5226 1006 5280 tioni
1025 5226 1090 5293 ejus
1107 5225 1351 5296 impedimentum
1367 5224 1499 5288 afferret,
1516 5221 1613 5277 sciens
1628 5220 1708 5277 eirca
1722 5219 1766 5276 al·

936 5295 1046 5351 lectum
1056 5296 1185 5351 tiliorum
1196 5294 1389 5366 procliviores
1402 5298 1430 5349 in
1443 5308 1545 5349 amore
1556 5307 1622 5346 esse
1634 5295 1746 5346 matres
1754 5306 1764 5357 ;

935 5367 1063 5439 ideoque
1078 5367 1185 5422 celarit
1199 5383 1277 5433 earu,
1296 5382 1355 5421 non
1372 5364 1530 5434 ambigens
1546 5363 1662 5434 impleri
1675 5361 1767 5418 debc-

936 5455 966 5494 re
981 5438 1063 5509 qrrod
1081 5438 1167 5508 J'uhet
1187 5437 1273 5502 Deus,
1296 5443 1327 5492 ut
1343 5437 1399 5491 hec
1416 5433 1552 5503 exemplo
1575 5435 1764 5499 doceremur,

935 5512 1017 5566 omui
1038 5526 1109 5565 cura
1130 5509 1179 5564 Uei
1200 5510 1296 5564 tacere
1316 5508 1469 5563 mandata.
1485 5506 1513 5562 Si
1528 5505 1608 5561 enim
1629 5504 1766 5562 fidelissi·

937 5598 1003 5638 mus
1019 5581 1170 5637 Abraham
1187 5580 1217 5635 in
1231 5596 1262 5635 re
1282 5584 1342 5636 tarn
1359 5578 1444 5650 gravi
1458 5582 1487 5634 ει
1498 5593 1606 5650 aspera
1621 5576 1766 5635 obediens

967 5734 973 5762 ¹
991 5731 1038 5782 tls.
1054 5730 1231 5794 colbertinus,
1247 5729 1344 5781 etmoli
1355 5732 1453 5781 eterno
1466 5727 1565 5780 ιιειιιιιι
1580 5726 1719 5792 rappltrr'c.
