3952 6150
120 146 192 216 itii

117 279 264 364 temporis
278 278 331 337 illa
341 278 406 335 dies
420 277 512 349 longa
527 277 695 348 contulerit,
707 281 794 353 cujus
806 282 946 367 princeps

119 357 233 427 pariter
239 351 269 409 in
275 349 468 408 diecumsole
478 349 537 406 diei
544 352 782 422 praepositoluna
788 357 945 438 requievit.

210 424 322 480 CAPUT
333 423 366 478 v.
379 450 414 464 -
428 420 468 477 De
483 421 599 477 dedecor
612 427 638 476 et
647 422 749 481 duobus
762 426 857 499 signu.

156 497 260 568 ltaque
273 499 401 569 purgata
415 492 542 549 funestis
560 493 778 553 habitatoribus
803 496 948 557 Chanaui·

119 566 189 624 tidis
203 567 336 638 regione.
349 568 380 623 in
393 565 442 648 Dei
457 565 561 647 populi
573 565 757 624 deditionem
776 569 843 640 ipsa
857 585 876 627 a
891 570 950 627 Do·

122 639 207 696 mino
219 642 300 695 terra
312 637 460 695 tribuitur.
479 637 535 703 Qui
550 639 710 709 postmodo
724 642 807 711 pacis
822 642 882 698 otio
901 657 947 698 re-

120 710 248 777 solutus,
262 711 293 766 in
309 709 457 766 idolorum
481 714 565 764 terre
579 708 658 766 illius
673 715 702 767 et
719 711 903 784 reliquarum
917 713 948 770 iii

119 780 407 839 circuitunutionum
417 780 531 837 cultum
539 786 729 853 pervagatur.
742 783 949 857 Propterquod

120 853 262 925 gentibus
275 851 794 933 sape,quarumidolaipsecolebat,
804 860 949 928 potestate

120 942 139 982 a
155 925 282 982 Domino
297 939 452 989 concessa,
471 924 655 994 mancipium
672 926 782 982 servire
797 926 947 984 tribuitur.

120 996 179 1055 Sed
193 1012 228 1052 ca
253 994 401 1052 tivitatum
417 1000 446 1051 et
460 996 638 1051 servitutum
652 994 806 1054 laboribus
825 998 950 1054 durissi-

120 1011 326 1133 misasslictus,
339 1065 538 1139 frequentera
552 1065 611 1122 Deo
645 1081 677 1122 er
688 1068 894 1139 paenitentiam
903 1085 950 1126 ve·

120 1139 206 1196 niam
230 1138 433 1211 precabatur:
456 1139 497 1193 ad
516 1137 602 1217 cujus
623 1082 841 1207 iiberationem,
855 1142 949 1214 pieni·

120 1211 246 1268 tentiam
267 1208 412 1281 lacrymis
432 1208 553 1264 sedatus
567 1207 625 1276 ille,
638 1210 756 1281 judices
771 1214 947 1279 suscitabat,

120 1284 173 1355 qui
184 1281 222 1338 de
231 1281 377 1337 servitutis
383 1281 459 1351 jugo
468 1279 587 1351 plebem
601 1288 948 1357 eruentes‚nequaquam

142 1353 261 1409 otentias
273 1352 418 1418 dominio,
436 1351 489 1407 sed
503 1350 681 1408 arbitrorum
691 1354 760 1425 jure
773 1356 950 1428 prabebant

119 1370 223 1498 bedec.
240 1440 268 1491 ii,
284 1439 325 1490 iii,
338 1426 390 1495 iv).
407 1423 541 1489 Quorum
554 1425 739 1495 temporibus
751 1427 825 1483 dum
840 1428 949 1484 ltadia·

120 1497 191 1554 uitis
212 1495 335 1552 serviret
356 1494 498 1567 populus,
518 1495 646 1551 Gedeoni
662 1496 723 1553 tilio
737 1498 806 1554 toas
821 1500 948 1555 ooelestis

119 1566 244 1625 nuntius
265 1566 416 1638 apparuit,
439 1566 584 1648 illumque
604 1568 757 1625 destructo
772 1569 948 1627 idololatria

121 1639 191 1709 ritu,
199 1639 236 1694 de
250 1636 346 1710 plebis
358 1637 601 1693 surellberatione
612 1639 807 1721 commonuit.
820 1642 851 1696 lu
861 1642 948 1712 cujus

121 1708 947 1864 tt:tzitta},lttttt,tlttttttdlttttttt

121 1859 187 1910 tum
202 1851 380 1923 absumpsit.
399 1853 429 1908 ls‘t
437 1859 546 1908 iterum
560 1853 721 1926 postulanti
735 1869 855 1925 signum
867 1856 949 1912 sicci·

122 1929 170 1982 tas
185 1924 216 1979 in
230 1924 311 1979 omni
327 1933 413 1988 terra,
427 1929 512 1979 atros
525 1925 555 1981 in
569 1924 633 1981 solo
647 1925 771 1992 vellere;
788 1934 816 1983 et
830 1942 948 1984 rursum

123 1995 242 2052 siccitas
258 1995 288 2050 in
311 1995 376 2051 solo
401 1995 517 2063 vellere,
533 1999 562 2050 et
576 2011 626 2051 ros
650 1999 680 2052 iu
696 1999 779 2053 cinni
805 2005 882 2055 terra
895 1999 951 2055 luit

121 2066 179 2195 ild.
200 2067 250 2139 vi).
262 2066 320 2121 Sed
330 2067 395 2123 haec
405 2066 546 2139 quamvis
556 2068 707 2123 sociantur
719 2084 846 2125 numero
861 2071 949 2127 mira·

144 2136 320 2205 ilium,nihil
327 2143 426 2194 tamen
435 2137 635 2195 velutuovum
646 2142 802 2196 ostendere
811 2141 951 2198 videntur

121 2210 152 2266 in
167 2209 383 2266 ministratione
400 2224 510 2265 rerum.
526 2210 672 2275 Quoniam
686 2216 715 2268 et
728 2211 856 2268 coelestis
871 2213 949 2283 ignis

122 2296 171 2338 res
181 2286 324 2347 terrenas,
332 2281 771 2352 uisepediximuseidicemus‚
781 2282 951 2356 frequenter

121 2351 266 2418 devorat;
279 2357 307 2408 et
315 2351 485 2409 alternatim
493 2352 524 2408 iii
534 2354 648 2409 mundo
657 2369 710 2434 per
722 2355 950 2437 partesuimbus

122 2428 215 2486 rorat.
227 2422 492 2481 Sedtamaumulta
501 2423 616 2480 iuliade
626 2426 812 2482 mirabilibus
821 2427 951 2498 Scriptu-

121 2509 225 2552 rarum
250 2494 439 2559 subveniunt,
454 2511 522 2568 quar
538 2495 591 2552 etsi
605 2498 637 2551 in
661 2498 752 2555 rebus
773 2499 863 2568 gestis
883 2497 951 2554 dili·

123 2572 244 2639 gantem
254 2565 568 2638 evplanationemnou
583 2567 715 2637 exigunt,
731 2568 897 2638 figurarum
910 2576 951 2627 ta·

122 2653 194 2695 men
210 2638 483 2710 praesignationem
502 2654 600 2694 rerum
623 2640 820 2710 spiritualium
844 2640 951 2698 intelli-

124 2709 227 2779 gentia
237 2708 344 2766 referta
359 2713 436 2765 sunt.
455 2708 512 2764 Sed
525 2710 672 2781 quoniam
687 2712 717 2766 in
732 2727 822 2785 opere
836 2713 893 2769 isto
906 2728 950 2769 re·

120 2794 191 2839 rum
211 2780 425 2837 tautummodo
446 2785 596 2851 gestarum
613 2781 794 2839 intellectum
809 2784 951 2867 prosequi

122 2851 326 2922 disponimus,
341 2851 398 2909 hoc
410 2851 638 2909 licetmemoriie
649 2869 742 2910 causa
751 2862 851 2912 statim
861 2856 951 2912 histo-

123 2923 559 3006 rialiternumeromirabilium
568 2927 744 3005 luseramus.
755 2927 824 2992 Qua
832 2926 950 3009 etiamsi

124 2993 951 3150 ttttlttt{tradabit}ttttltlttitlttltt

122 3135 522 3265 btttttttttttit’d
551 3141 950 3269 titldlttttltrt

123 3277 291 3337 holocausti
306 3280 363 3336 bac
381 3281 631 3348 concrematione,
653 3298 714 3339 non
729 3284 857 3341 terrestri
870 3284 948 3356 igne,

124 3350 179 3407 sed
194 3351 305 3407 cmlesti
320 3350 445 3408 damma
463 3351 521 3408 hoc
539 3354 761 3420 ostendebatur,
777 3354 860 3427 quod
875 3358 951 3410 lutit-

123 3437 192 3480 rum
203 3426 275 3479 tunc
288 3421 476 3492 bellum,non
490 3423 631 3482 humanis
641 3425 825 3493 viribus,sed
837 3424 951 3484 caelesti

125 3493 239 3551 auxilio
258 3493 415 3566 proliceret
431 3510 439 3562 ;
457 3501 550 3552 atros
573 3497 657 3569 prius
672 3498 903 3555 demonstrabat
919 3498 951 3554 iii

125 3564 191 3622 solo
204 3564 310 3622 vellere
321 3571 473 3636 ostensus,
488 3568 571 3639 quod
586 3568 688 3625 divina
703 3570 867 3636 miseratio,
883 3585 951 3651 quae

124 3636 242 3717 tuncfliu
255 3636 346 3695 lsrael
359 3636 493 3708 tragiliet
506 3639 587 3695 molli
601 3640 713 3712 populo
728 3640 833 3711 luerat,
842 3642 951 3711 ignitas

124 3711 259 3779 gentium
270 3709 453 3773 iras‚sicuta
476 3711 738 3783 uaignem,possit
751 3714 950 3783 exstinguere.

165 3777 280 3836 CAPUT
294 3781 338 3835 vi.
355 3811 389 3821 -
401 3782 441 3862 De
454 3725 590 3862 §amonis
607 3782 773 3853 tortitudine
787 3785 815 3839 isi
830 3783 950 3855 copillt's.

163 3849 273 3907 lterum
284 3866 354 3908 cum
370 3852 523 3908 Philistreis
542 3856 666 3910 serviret
680 3855 840 3913 israelitica
854 3855 950 3928 plebs,

125 3921 232 3977 llanue
244 3920 295 3978 lilii
307 3922 467 3980 Saruchde
482 3923 560 3980 tribu
577 3924 830 3983 Danstariliusori
863 3926 949 3997 rimo,

125 3991 236 4049 deiude
251 3994 309 4065 ipsi
323 3994 430 4051 Manue
453 3996 500 4051 Dei
516 3997 641 4066 angelus
658 3998 825 4070 prophetali
841 3942 952 4055 iahilu

125 4065 269 4136 apparuit
284 4080 291 4131 ;
308 4064 466 4139 eosquede
478 4066 599 4139 filioqui
612 4067 668 4123 illis
683 4070 950 4137 essetnasciturus,

125 4135 253 4208 qualiter
265 4134 339 4193 foret
352 4138 527 4194 educandus
541 4139 668 4203 edocuit,
681 4144 831 4214 quatenus
846 4157 883 4198 ne
900 4156 951 4196 un·

125 4221 221 4279 quam
234 4208 382 4265 novacula
397 4215 487 4280 caput
506 4209 601 4292 ipsius
617 4215 764 4279 transiret,
781 4217 810 4269 et
824 4211 952 4269 siceram

125 4284 155 4334 et
167 4277 310 4335 vinumet
321 4294 412 4337 omne
424 4280 506 4352 quod
521 4281 667 4340 inebriare
680 4289 789 4356 potest,
799 4283 951 4340 nonbibe-

124 4353 180 4406 ret.
195 4349 249 4406 Cui
261 4365 330 4407 cum
346 4353 450 4408 Manue
466 4354 601 4409 nesciens
616 4370 680 4411 esse
693 4356 845 4425 angelum,
863 4369 951 4427 pran-

125 4419 215 4477 diiim
223 4421 514 4495 voluissetprmbere,
523 4424 649 4496 angelus
661 4427 769 4499 inquit,
779 4427 818 4483 De
828 4426 953 4483 cilicinis

125 4508 180 4548 acii
189 4492 341 4559 masadam
350 4495 524 4564 sedDoins'no,
534 4497 619 4569 sicis,
628 4498 809 4556 bolocnnitism
816 4515 951 4572 compone.

126 4564 212 4630 Quod
226 4580 296 4620 cum
305 4565 412 4623 Manae
424 4566 475 4623 illo
489 4570 675 4640 praecipiente
690 4572 869 4644 composuit,
883 4586 953 4627 oiim

124 4634 196 4706 igne
204 4635 371 4694 holocausti
383 4653 485 4695 coram
498 4639 540 4696 eis
554 4642 654 4698 statim
667 4644 828 4713 angelusin
842 4641 953 4699 coelum

126 4706 269 4764 ascendit
290 4708 393 4780 (Jndi'c.
406 4711 479 4783 xiii).
500 4713 533 4768 Et
546 4711 595 4767 hic
619 4715 761 4770 terrestris
786 4714 952 4772 holocausti

125 4777 205 4849 iguis
219 4778 257 4834 de
267 4781 380 4837 terrain
390 4781 673 4840 eoelumascandens
685 4783 953 4852 demonstraverat,

124 4847 953 4997 tltttttttltltttttttt’ttttttdtt*sidat

583 4967 590 4980 ·
943 4966 952 4994 s

121 4993 436 5066 juxtaqueimperium
448 4994 564 5052 Domini
572 5000 711 5062 nutritus,
721 4999 884 5056 maximam
897 4999 953 5056 lor·

125 5062 287 5121 titudinem
308 5067 338 5121 iu
360 5070 474 5137 septem
494 5067 538 5123 sui
555 5069 662 5141 capitis
680 5069 814 5125 crinibus
835 5069 951 5127 habuit.

124 5135 221 5217 Quod·
232 5150 289 5208 pro
303 5141 384 5194 certo
392 5138 555 5219 probatum
570 5145 626 5208 est,
640 5140 714 5197 dum
727 5140 842 5198 eisdem
857 5141 953 5200 nuda·

123 5210 174 5263 tus
183 5206 350 5279 aliquando
361 5212 451 5265 etiam
461 5210 598 5267 virtutem
611 5212 720 5268 amisit.
731 5215 805 5270 Nem
817 5227 886 5269 cum
900 5215 947 5270 Da·

122 5277 208 5335 lilam
218 5279 249 5333 in
264 5276 341 5334 valle
352 5280 464 5337 Sorecti
479 5281 633 5339 mulierem
648 5283 685 5340 de
698 5285 818 5354 regione
829 5283 953 5340 Philisti·

122 5363 237 5406 norum
260 5349 459 5420 alienigenam
478 5354 643 5420 adamaret,
652 5360 681 5412 et
690 5355 740 5412 illa
754 5356 915 5429 pecuniam
933 5370 953 5411 a

124 5418 495 5499 Philistinisprincipibus,
504 5426 616 5498 quibus
630 5429 758 5484 Samson
767 5427 861 5484 multa
872 5425 953 5483 mala

123 5490 246 5558 lecerat,
261 5492 442 5564 proditionis
451 5496 517 5568 ejus
525 5498 692 5554 mercedem
703 5499 875 5571 accepisset,
887 5499 952 5570 ipse

122 5564 262 5636 poscenti
277 5562 455 5623 tortitudinis
471 5584 532 5625 suae
547 5570 761 5643 mysteriumin
773 5569 952 5643 capillorum

123 5650 250 5692 sucrum
258 5638 483 5696 conservatione
492 5638 555 5697 lieri
563 5641 717 5698 indicavit.
731 5644 764 5699 lit
773 5642 824 5699 illa
836 5640 951 5699 dormi·

124 5705 387 5783 manumisso,
398 5714 506 5772 vocato
515 5714 868 5792 rasoreceputtotoudit.
881 5715 951 5776 Per-

679 142 785 217 'iia'aa
804 142 1003 220 secundus.
1023 192 1058 203 -
1075 145 1270 220 irranniii.

1756 154 1829 222 titt

1000 283 1302 358 ductusqueSamson
1312 283 1505 350 al’bilistiais,
1516 283 1750 355 oculisorbatus,
1760 306 1826 347 mo·

1000 355 1061 414 lam
1076 373 1168 413 manu
1183 354 1530 428 vertebat,doneccapilli
1546 354 1623 437 illius
1639 358 1678 414 ad
1694 363 1824 431 priorem

1001 427 1218 497 longitudinem
1232 433 1398 484 creverunt.
1418 426 1530 484 Deinde
1540 425 1692 484 Philistoeis
1702 433 1825 502 epulan·

1002 496 1824 572 tibus,utinterepulasSamsonilluderetur,adducitiir;

1001 577 1030 627 et
1043 571 1107 643 ipse
1120 585 1212 643 puero
1221 571 1333 640 regenti
1343 586 1464 641 gressus
1474 570 1599 635 dixerat,
1612 578 1643 627 ut
1657 587 1688 627 se
1703 573 1825 631 adduas

1001 642 1158 699 columnas
1174 643 1356 714 perduceret,
1372 642 1481 713 quihus
1496 646 1557 697 tota
1571 643 1825 702 domusimmine·

1001 713 1064 779 but,
1079 720 1228 787 quatenus
1239 713 1421 785 supervoluti
1437 713 1501 768 illas
1510 711 1608 769 lassus
1621 715 1823 773 reclinaretur.

1002 785 1272 852 Quibusambabus
1284 789 1410 856 utraque
1423 799 1515 839 manu
1528 785 1734 857 apprehensis,
1744 789 1827 845 invo-

1001 857 1258 913 cutoinauxilium
1266 859 1335 922 Deo,
1344 862 1438 912 totam
1446 855 1572 911 domum
1585 859 1825 926 concussitoua

1001 928 1217 994 citocorruens,
1228 930 1282 984 tria
1291 928 1514 983 Philistinorum
1529 927 1621 983 millia
1634 929 1746 1000 pariter
1755 947 1826 989 cuin

1001 1000 1069 1072 ipso
1084 1002 1230 1057 Samsona
1241 999 1400 1071 prostravit
1415 998 1470 1071 tid.
1481 1000 1551 1069 rvi).
1568 1000 1625 1055 Sed
1639 1005 1761 1058 naturas
1776 1003 1823 1058 in·

1001 1071 1226 1141 vestigantibus,
1239 1072 1436 1143 questionem
1453 1086 1512 1125 non
1538 1070 1694 1127 minimam
1710 1073 1823 1139 incutit,

1000 1143 1157 1214 quomodo
1172 1148 1266 1198 totum
1282 1141 1537 1213 sensibilecorpus
1552 1142 1584 1196 in
1598 1143 1762 1201 insensibili
1777 1161 1827 1202 ca-

1023 1213 1496 1270 illomotumtortitudinishabuit
1507 1228 1514 1278 ;
1525 1212 1826 1282 cujusdamnumdo-

1000 1229 1072 1341 ioris
1086 1299 1410 1356 sensumnequaquam
1421 1283 1529 1348 intulit,
1543 1299 1612 1339 cum
1625 1285 1709 1341 illum
1723 1292 1826 1345 tonsor

1001 1355 1269 1429 areliquocorpora
1281 1354 1562 1412 ferramentiaculeo
1575 1355 1683 1410 divisit.
1693 1359 1732 1412 Da
1744 1358 1826 1415 Sam·

1001 1443 1075 1484 sone
1085 1442 1167 1498 ergo,
1177 1428 1353 1509 priusquam
1367 1432 1548 1491 nasceretur,
1561 1440 1579 1479 a
1590 1428 1826 1508 Domiuo'prieci-

1001 1495 1826 1641 tiltitt‘ttttlltlltttllttt,‘tlttttttJtt

1001 1639 1825 1713 turinmundatidiviniciistodiapermanserat,Spiritus

1001 1709 1826 1770 sauctimuneremaiiimamlortitudinemhabebatfln·

1001 1783 1039 1842 de
1067 1800 1135 1840 cum
1152 1783 1288 1839 muliebri
1313 1782 1510 1865 persuasione
1524 1782 1664 1862 praecepti
1684 1783 1827 1840 dominici

1001 1853 1538 1925 transgressionemadinvenit;etiam
1555 1853 1706 1923 spirituale
1715 1854 1827 1911 tortitu-

1001 1927 1080 1983 dinis
1097 1928 1222 1990 donum,
1239 1923 1489 1998 quodhabuerat,
1506 1923 1605 1979 statim
1620 1925 1750 1982 recessit.
1763 1929 1827 1983 Non

1001 1998 1073 2070 quia
1085 1996 1251 2054 insensibili
1260 1996 1498 2069 capilloossiiim,
1508 2000 1537 2050 et
1546 1996 1652 2062 carnis,
1666 2002 1693 2052 et
1705 1997 1828 2067 sangui-

1002 2070 1121 2142 nis,qui
1136 2067 1210 2124 nihil
1220 2084 1255 2123 er
1268 2068 1313 2123 lits
1327 2066 1427 2132 habet,
1437 2068 1532 2122 victus
1543 2067 1639 2123 inerat
1656 2069 1729 2124 :sed
1744 2084 1827 2125 man·

1001 2141 1063 2198 dati
1078 2140 1221 2196 dominici
1232 2137 1715 2195 ohservatiodonumfortitudinis
1726 2141 1827 2196 obser·

1004 2212 1104 2268 vabat.
1117 2211 1174 2267 Sed
1184 2211 1309 2266 lortassa
1321 2210 1359 2266 ali
1385 2212 1429 2264 uis
1444 2209 1542 2265 dicet:
1558 2210 1655 2275 Quare
1670 2226 1741 2281 ergo
1756 2226 1827 2267 cum

1002 2282 1116 2355 capillis
1129 2283 1236 2338 iterum
1255 2225 1396 2338 tortitudo
1408 2280 1487 2336 illius
1501 2281 1658 2362 succrevit,
1673 2281 1697 2335 si
1720 2296 1781 2337 non
1794 2283 1827 2338 in

1003 2354 1120 2427 capillis
1134 2354 1222 2410 etiam
1234 2354 1316 2425 priiis
1330 2351 1422 2409 robur
1435 2351 1568 2408 habuit‘l
1584 2356 1719 2408 Attamen
1734 2354 1826 2410 etiam

1002 2426 1060 2482 hac
1071 2427 1144 2492 vice,
1161 2440 1221 2481 nou
1234 2431 1294 2480 tam
1307 2424 1337 2480 in
1352 2424 1443 2494 longo
1456 2422 1563 2494 capillo
1576 2424 1720 2479 amissam
1734 2425 1827 2480 virtu·

1004 2503 1064 2553 tem
1087 2495 1294 2570 recuperabat,
1319 2510 1410 2566 quam
1433 2493 1547 2550 donum
1564 2495 1726 2576 spirituale,
1742 2495 1828 2577 quod

1003 2567 1157 2641 negligens
1173 2567 1281 2638 amisit,
1297 2566 1424 2622 alliictus
1436 2565 1611 2692 ssoeuitentia
1626 2566 1827 2646 crescentibus

1003 2639 1117 2724 oapillis
1133 2639 1278 2712 paulatim
1294 2639 1436 2709 impretra
1460 2640 1506 2708 at3
1525 2641 1689 2708 prasertim
1713 2653 1783 2694 cuin
1796 2639 1827 2694 in

1002 2711 1054 2784 huJ
1060 2727 1093 2766 us
1110 2710 1245 2767 mandati
1258 2708 1496 2779 transgressione
1507 2724 1542 2763 ex
1554 2713 1639 2789 parte
1648 2706 1716 2790 licet
1726 2708 1828 2791 aliqua

1003 2783 1209 2851 excusabatur,
1224 2781 1364 2854 quamvis
1377 2795 1439 2836 suae
1461 2780 1578 2835 virtutis
1602 2778 1698 2836 Dalda
1719 2786 1829 2851 petenti

1004 2855 1180 2926 mysterium
1198 2852 1297 2908 dicere
1312 2866 1373 2907 non
1387 2850 1516 2920 negavit,
1532 2857 1705 2907 nontamen
1726 2868 1756 2907 se
1774 2851 1829 2908 im·

1003 2931 1147 2998 patrante,
1165 2924 1210 2979 vel
1235 2923 1426 2986 concedente,
1445 2926 1490 2977 vel
1506 2924 1710 2978 consentiente
1726 2922 1829 2979 toude·

1006 3004 1062 3053 tur.
1079 2993 1296 3052 Undealllictus
1310 2999 1438 3066 posteaa
1455 2993 1827 3063 Deoiuipelravitlacilius,

1004 3066 1086 3141 quod
1100 3081 1159 3122 non
1173 3072 1289 3137 sponte,
1297 3065 1350 3121 sed
1364 3062 1517 3120 dormiens
1531 3065 1828 3123 seductusamiserat.

1024 3138 1137 3195 carot
1144 3137 1199 3192 vlt.
1211 3167 1247 3179 -
1257 3136 1295 3192 De
1308 3134 1492 3191 orcoDomiiii
1506 3135 1537 3189 ιἰι
1550 3140 1628 3189 terra
1641 3135 1808 3192 Pliilistii'm.

1039 3208 1252 3281 ludapostnon
1263 3222 1390 3280 parrum
1399 3206 1551 3276 temporis,
1565 3206 1729 3263 flliislsrael
1744 3222 1830 3264 maii·

1004 3279 1145 3338 datorum
1158 3278 1496 3350 transgressionaDeum
1510 3275 1740 3340 offendentibus,
1758 3279 1830 3334 inci·

1004 3357 1064 3410 tata
1082 3351 1305 3408 Philistiuorum
1333 3347 1456 3419 agmina
1471 3347 1510 3404 ad
1529 3347 1703 3404 bellandum
1723 3354 1829 3405 contra

1005 3438 1056 3481 eos
1068 3424 1259 3479 conveniunt.
1273 3424 1307 3478 Et
1319 3420 1371 3476 filii
1389 3418 1478 3476 lsrael
1489 3419 1526 3474 de
1541 3434 1574 3475 se
1588 3419 1663 3475 nihil
1675 3419 1828 3477 conliden-

1006 3500 1170 3564 tes,arcam
1182 3492 1348 3550 testamenti
1360 3491 1476 3547 Domini
1489 3490 1653 3546 inexercitu
1666 3506 1721 3547 suo
1731 3493 1762 3546 iu
1773 3507 1829 3564 pu·

1004 3580 1096 3637 gnam
1121 3571 1225 3623 contra
1250 3563 1438 3621 adversarios
1460 3562 1642 3619 conducunt.
1659 3562 1716 3618 Sed
1745 3562 1830 3634 Legis

1006 3645 1236 3709 transgressores
1250 3650 1443 3709 nequaquam
1456 3632 1540 3702 Legis
1551 3648 1620 3689 arca
1629 3638 1737 3699 tuetur,
1750 3634 1830 3691 viclo

1004 3711 1102 3792 potius
1127 3713 1155 3765 et
1169 3708 1265 3765 deleto
1296 3722 1333 3763 ex
1349 3711 1433 3778 parte
1456 3704 1578 3776 populo,
1594 3703 1634 3761 ah
1655 3704 1830 3775 alienigenis

1003 3797 1072 3855 ipsa
1090 3781 1217 3853 capitur.
1233 3780 1286 3845 Qui
1304 3777 1432 3834 victoriae
1444 3791 1567 3831 munere
1578 3777 1760 3841 laetantesin
1774 3783 1830 3833 ter·

1004 3869 1070 3910 ram
1079 3868 1167 3909 sitam
1173 3867 1240 3908 eam
1248 3850 1441 3920 damoaptam
1447 3847 1625 3920 perducunt,
1638 3853 1667 3903 et
1682 3848 1769 3904 veluti
1778 3847 1831 3905 tri·

1006 3924 1110 3996 umphi
1126 3923 1216 4006 hujus
1232 3927 1395 3986 auctorem,
1406 3919 1491 3990 juxta
1503 3921 1606 3988 Dagon
1620 3918 1711 3974 deum
1727 3935 1827 4001 suum,

1005 4011 1107 4053 arcam
1123 3996 1174 4050 Dei
1185 3992 1275 4050 lsrael
1298 3991 1453 4063 intemplo
1469 3994 1643 4047 statuerunt.
1659 3990 1717 4047 Sed
1734 4006 1829 4064 primo

1004 4066 1673 4188 dieDagoncoramarcaprostratusrepertiis‚
1684 4062 1830 4144 iterumin

1004 4138 1071 4195 loco
1081 4153 1135 4194 suo
1148 4135 1460 4193 restituiturcmsitno
1476 4147 1546 4189 vero
1572 4138 1643 4189 iacti
1653 4131 1788 4188 adlimen
1798 4148 1830 4190 in

1005 4215 1126 4267 centum
1138 4208 1352 4281 partes,capite
1366 4212 1393 4262 et
1406 4203 1558 4269 manibus,
1573 4202 1751 4274 spiuadorsi
1765 4203 1830 4275 ejus

1006 4284 1143 4337 truncata
1155 4280 1300 4351 reperitur
1316 4276 1413 4349 :quod
1426 4277 1590 4346 fugientem
1604 4273 1787 4341 idololatria,
1799 4275 1831 4359 in

1006 4352 1137 4410 adventu
1152 4351 1311 4407 dominicae
1331 4347 1417 4417 legis,
1433 4346 1546 4402 cultum
1560 4344 1756 4402 monstrabat.
1775 4347 1831 4412 Qui

1006 4425 1087 4481 enim
1099 4422 1226 4495 lugiunt,
1246 4417 1568 4494 persequentidorsum
1581 4416 1663 4472 daut.
1689 4417 1832 4475 Praeterea

1006 4510 1128 4569 quoque
1145 4500 1204 4551 tota
1219 4491 1364 4548 Philistasa
1379 4487 1460 4546 loeda
1474 4487 1641 4544 admodum
1652 4486 1743 4569 plaga
1763 4503 1829 4560 par·

1006 4568 1138 4625 entitur:
1154 4580 1223 4622 nam
1240 4568 1268 4620 et
1282 4558 1594 4619 extaleseorumloras
1607 4558 1829 4631 prominebant,

1006 4643 1036 4696 et
1048 4638 1154 4710 ingens
1167 4635 1297 4691 soricum
1310 4631 1477 4690 etinsolens
1491 4630 1579 4702 copia
1591 4645 1645 4704 per
1656 4634 1747 4686 totam
1760 4645 1832 4702 pro·

1007 4711 1137 4768 vinciam
1152 4705 1410 4772 diffundebaturtt
1426 4703 1491 4774 aee.
1508 4718 1546 4769 iv,
1561 4702 1599 4774 v).
1615 4702 1831 4759 convenienter

1006 4781 1119 4854 quippe
1131 4778 1273 4836 Dominus
1283 4776 1340 4833 illis
1354 4780 1513 4846 utrumque
1528 4788 1650 4846 poenam
1674 4779 1832 4846 praestave-

1006 4857 1063 4915 rat,
1074 4850 1197 4925 qualem
1209 4864 1309 4907 rerum
1329 4848 1464 4930 ipsarum
1482 4846 1662 4901 conveniens
1674 4847 1749 4902 ratio
1769 4844 1832 4901 exi-

1007 4924 1114 4996 gebat:
1131 4928 1279 4996 quatenus
1293 4935 1345 4994 qui
1360 4919 1470 4975 misera
1485 4917 1629 4973 animalia
1643 4916 1833 4973 divinocultu

1007 4994 1238 5058 venerabantur,
1254 5008 1307 5065 per
1323 4988 1491 5047 miserrima
1501 4988 1645 5045 animalia
1655 4989 1685 5044 iu
1701 4986 1834 5069 adventu

1007 5067 1166 5124 dominicas
1185 5066 1258 5134 legis
1279 5063 1494 5132 castigarentur
1510 5076 1517 5126 ;
1531 5064 1559 5116 et
1584 5060 1633 5132 qui
1649 5056 1833 5140 tabernaculi

1008 5136 1125 5195 Domini
1145 5136 1296 5203 interiora,
1311 5134 1341 5190 id
1355 5139 1409 5198 est,
1425 5148 1526 5189 arcam
1541 5136 1624 5186 extra
1638 5128 1833 5210 limitessuos

1006 5214 1188 5283 protraxere,
1197 5206 1226 5262 bi
1238 5205 1412 5262 interiorum
1428 5218 1550 5259 suorum
1566 5201 1646 5257 toras
1662 5214 1833 5271 prominen-

1007 5280 1083 5338 tium
1097 5277 1178 5335 loeda
1190 5276 1393 5347 affligerentur
1402 5274 1492 5331 clade.
1510 5273 1700 5354 Quapropter
1708 5271 1833 5343 quando

1006 5352 1142 5425 plaustro
1151 5364 1228 5406 novo
1236 5343 1607 5420 impositamduabusletis
1619 5343 1835 5399 vaccisvehen-

1006 5424 1088 5505 dam²
1100 5437 1168 5495 quae
1185 5420 1294 5493 jugum
1314 5423 1403 5474 antea
1432 5431 1492 5472 non
1529 5419 1706 5478 ortaverant,
1723 5413 1833 5497 teneris

1006 5495 1088 5552 domi
1103 5492 1201 5549 vitulis
1216 5488 1429 5563 mugientibus,
1445 5484 1485 5543 ad
1519 5500 1571 5541 nes
1587 5501 1658 5542 suos
1677 5485 1774 5542 redire
1786 5499 1835 5542 ar·

1006 5582 1073 5623 cam
1086 5564 1298 5638 permiserunt,
1313 5562 1447 5634 quinque
1466 5572 1567 5614 mures
1579 5562 1609 5614 et
1621 5555 1743 5614 totidain
1760 5572 1834 5614 anu-

1005 5637 1049 5696 los
1064 5651 1171 5695 aureos
1185 5633 1299 5692 indices
1326 5632 1487 5705 plagarum
1501 5644 1625 5687 suarum
1636 5634 1833 5703 quatennsna

1005 5724 1074 5773 eain
1082 5705 1407 5778 vecuamremitterent,
1419 5702 1581 5781 jiutaeam
1591 5700 1624 5763 iii
1635 5699 1768 5780 capsella
1777 5713 1835 5779 pq-
