3952 6150
168 216 244 277 ttae
634 221 675 281 IN
696 219 858 283 tuturus
880 219 1144 293 uveeeeultttt,
1167 219 1201 283 S.
1223 222 1438 288 AUGUSTlNl
1849 230 1926 293 leet

167 360 225 415 tato
239 355 391 414 nobiseum
406 359 435 412 et
452 355 493 412 illi
510 361 619 429 petrea,
636 357 685 430 qui
702 358 889 415 erediderunt
905 357 939 414 do
949 358 1019 413 Vir·
1071 360 1172 413 erant:
1189 356 1270 430 ipeoa
1284 358 1362 415 enim
1377 359 1493 417 videbat
1505 358 1535 416 in
1549 360 1645 422 turba,
1656 365 1776 435 quaudo
1790 364 1926 423 dioebat:

164 448 232 523 gine
253 445 446 516 naseiturum,
473 462 639 519 poenorum,
656 452 898 514 resurreoturum,
912 446 941 503 in
958 463 1018 504 ooe-
1071 446 1141 502 Cum
1153 446 1456 507 eeattaoerirtsetttom
1471 451 1601 521 bominis,
1612 458 1850 526 tuaecapaoaeete'a
1861 460 1928 527 quio

164 538 226 595 lum
242 552 455 594 aeoeneurum:
473 535 538 593 illos
554 537 631 593 enim
648 536 776 595 ostendit
790 536 948 611 Apostolus
967 534 1017 592 ubi
1070 550 1117 609 epo
1132 552 1193 592 sum
1208 537 1298 609 (toea.
1317 554 1379 607 ιιιιι,
1394 538 1452 609 28).
1469 539 1619 606 Quomodo
1639 541 1717 599 enim
1733 543 1788 600 ieta
1804 543 1929 602 solvitur

162 630 213 697 ait,
231 629 366 687 Habentes
380 634 472 686 aetem
483 627 606 687 eamdem
621 628 748 702 spiritum
764 629 838 701 fidei,
860 631 929 687 eleut
947 628 1016 684 acri-
1071 625 1216 697 queatio‘l
1229 627 1360 683 Aodiont
1371 643 1428 684 non
1445 643 1523 695 ovea,
1534 631 1563 686 et
1578 645 1637 686 non
1648 631 1773 689 audiunt
1783 649 1851 691 oves
1863 652 1870 703 ;
1883 651 1928 692 oo-

160 722 239 792 ptum
249 723 297 788 ert,
314 717 436 785 credidi,
449 717 640 792 propterquod
649 719 753 775 locutae
763 734 843 781 aum:
859 725 886 775 et
900 734 949 773 aaa
959 733 1018 775 cre·
1072 718 1203 787 quuntur
1217 731 1315 772 vocem
1333 715 1459 789 pretoria
1473 717 1594 790 quidam
1610 718 1682 792 lupi,
1700 724 1729 777 et
1750 720 1776 777 ei
1795 726 1927 795 quaedam

161 808 261 878 dimne,
277 815 389 880 propter
405 806 476 879 quod
489 813 515 863 et
530 806 669 879 loquimur
684 806 720 879 (ll
736 807 798 863 dor.
815 823 853 878 av,
874 807 928 879 13).
946 804 1017 863 Pro·
1071 804 1367 875 contradiountovea3
1384 811 1685 881 postremopaatorem
1696 811 1924 872 oooiduntovea.

162 898 249 971 pbote
264 896 345 966 dixit,
360 895 483 965 Oreda'di,
506 895 707 969 propterquod
731 896 836 953 loaatua
850 912 910 952 aum
930 896 1015 969 (Paul.
1071 892 1199 953 Solvitur
1213 894 1359 967 questio:
1385 896 1539 971 respondet
1562 897 1639 955 enim
1665 897 1782 973 aliquia,
1799 907 1829 960 et
1844 904 1927 973 dioit,

161 1003 225 1055 ore,
249 987 317 1059 10):
337 983 495 1059 ltpoetolua
518 985 600 1058 dioit,
617 990 648 1043 ut
666 1001 716 1043 ator
736 985 882 1057 eredimus,
906 989 1017 1059 propter
1068 983 1124 1043 Sed
1140 984 1257 1058 quondo
1273 1001 1329 1042 non
1344 984 1511 1056 audiebant,
1524 1002 1590 1044 ovea
1604 988 1735 1047 nondum
1748 1001 1840 1064 erant,
1855 998 1928 1051 tuno

160 1077 231 1152 quod
244 1081 270 1135 et
289 1077 439 1150 loquimur.
455 1076 492 1134 Ut
506 1076 583 1135 aciae
598 1080 695 1135 autem
711 1078 790 1151 quod
806 1094 865 1135 ona
879 1077 915 1134 ait
931 1078 1014 1139 tldea,
1070 1073 1132 1147 lupi
1147 1082 1229 1130 erant
1245 1092 1253 1142 ς
1269 1091 1322 1132 vor
1338 1074 1439 1133 audita
1453 1092 1503 1133 eoa
1518 1078 1654 1147 mutavit,
1669 1083 1698 1136 et
1711 1096 1746 1137 en
1764 1081 1840 1155 lopie
1857 1100 1927 1141 ovre

158 1166 224 1225 audi
240 1166 395 1239 dicentem,
412 1166 543 1223 Habentes
553 1165 679 1225 eamdem
692 1166 822 1239 spiritum
834 1166 910 1239 fidei,
927 1175 953 1225 et
966 1182 1015 1224 noa
1069 1163 1138 1219 lecit
1153 1179 1160 1219 ι
1176 1163 1295 1236 quando
1305 1179 1371 1236 ergo
1388 1165 1468 1221 laete
1483 1169 1554 1223 aunt
1564 1182 1643 1235 oves,
1654 1168 1819 1241 audierunt,
1835 1178 1863 1229 et
1875 1190 1924 1244 pa·

158 1256 303 1315 eredimus.
318 1257 364 1313 sie
380 1261 409 1314 et
424 1256 480 1314 alio
496 1257 644 1328 loeo,Noto
658 1259 733 1313 enim
744 1273 789 1315 eoa
803 1258 944 1328 ipnorore,
955 1260 1013 1330 [ιιι-
1068 1255 1176 1310 atorem
1192 1251 1375 1323 invenerunt,
1397 1260 1599 1329 pastoremque
1609 1261 1715 1315 aeaute
1730 1263 1816 1317 eunt:
1829 1268 1928 1334 pasto-

157 1352 226 1416 trea,
238 1347 404 1419 qat'opotrea
415 1347 505 1404 aratri
514 1346 663 1405 omnesaue
674 1345 874 1419 antefactum,
885 1351 911 1404 et
920 1362 1014 1404 oataea
1067 1339 1107 1398 ria
1123 1343 1269 1416 promisee
1283 1353 1482 1415 speraverunt,
1499 1344 1568 1419 quia
1578 1346 1664 1419 jueea
1679 1349 1820 1409 ieoernnt.

155 1455 207 1513 per
220 1441 518 1506 moretroaaieruat,et
529 1453 620 1495 omues
630 1440 660 1493 ia
670 1438 778 1511 llopaea
789 1437 924 1512 baptizati
937 1443 1012 1509 auat,
1103 1431 1145 1488 Η·
1161 1432 1261 1489 S⁰¹ul⁸
1276 1441 1319 1491 0³¹
1333 1437 1493 1506 ulwffilut
1507 1435 1564 1492 5⁸2²
1578 1437 1713 1510 (Ιῢῡθῑῑῠ,
1738 1446 1766 1496 θῑ
1786 1442 1927 1515 culquam

158 1532 189 1585 io
201 1528 272 1586 aete
285 1532 311 1587 et
325 1531 356 1585 ia
371 1529 455 1595 mort,
470 1536 495 1584 et
505 1527 730 1585 omneseaaolem
740 1527 1013 1600 eaeomrpa'ra'toatem
1066 1519 1140 1578 torte
1155 1521 1293 1579 euttloiat.
1318 1521 1364 1579 lle
1391 1530 1488 1580 autem
1504 1523 1600 1582 adhue
1623 1530 1729 1595 movet,
1747 1529 1861 1601 etquid
1878 1548 1928 1587 mo

158 1618 408 1687 manducaverant,
431 1626 563 1675 erumnas
585 1618 711 1675 eamean
728 1626 824 1691 potam
837 1616 1013 1691 spirituatem
1066 1612 1183 1667 moveat
1196 1611 1379 1668 communico
1392 1611 1554 1682 nobiseum,
1567 1620 1597 1670 ut
1613 1614 1827 1689 quodammodo
1843 1637 1927 1694 qnae·

157 1707 297 1765 biberunt.
312 1706 390 1764 More
406 1706 537 1763 Rubrum
553 1704 700 1777 nignitloat
714 1704 916 1779 Bnptiemum;
933 1704 1012 1778 bloy-
1067 1714 1133 1755 rens
1147 1699 1309 1766 vobiaoum,
1326 1699 1470 1759 revelante
1483 1700 1533 1759 illo
1549 1702 1698 1763 vobieeum
1718 1723 1833 1765 merear
1843 1710 1925 1767 inve-

160 1814 206 1855 eea
222 1797 326 1855 duotor
348 1812 398 1868 per
416 1811 496 1853 mare
521 1795 654 1853 Rubrum
683 1795 829 1869 eignilroat
843 1794 1009 1865 Chriatum;
1067 1790 1140 1850 nire.
1157 1791 1232 1858 Quid
1245 1808 1314 1866 ergo
1330 1808 1376 1849 me
1391 1797 1515 1861 moveat,
1526 1794 1657 1867 aeetpite.
1674 1799 1729 1853 Per
1744 1800 1924 1858 Ezechielem

159 1886 285 1960 populna
300 1886 445 1944 tranaiena
461 1886 608 1960 signifieat
622 1885 744 1956 tidelee;
762 1900 840 1942 mora
860 1885 1010 1959 AEgvptio·
1066 1881 1237 1955 prophetam
1254 1883 1397 1940 llominue
1411 1882 1548 1956 objurget
1563 1892 1704 1957 pastores,
1720 1895 1749 1945 et
1763 1888 1835 1946 dicit
1850 1890 1925 1948 inter

158 1992 223 2034 rum
240 1976 387 2050 algnitioat
401 1976 590 2034 abolitionem
606 1979 802 2048 peecatorum.
819 1976 850 2031 ln
864 1975 955 2050 signia
971 1974 1011 2033 di·
1065 1976 1168 2029 uetera
1180 1973 1643 2043 deovibue,lirroatemoeemaoa
1654 1978 1917 2050 reuocoatuldeect.

157 2064 247 2123 versia
262 2066 364 2123 eadem
380 2065 452 2123 tides
467 2083 474 2121 :
492 2066 532 2123 aio
546 2064 575 2120 in
592 2063 683 2137 signia
706 2063 840 2132 divanio,
853 2063 1011 2138 fquomodo
1063 2077 1160 2132 xrxrv,
1180 2063 1217 2136 4).
1240 2064 1275 2120 Et
1297 2068 1437 2121 errantem
1460 2062 1540 2136 dieit,
1565 2068 1594 2121 et
1622 2080 1697 2122 ouem
1721 2068 1860 2141 appellat.
1888 2070 1919 2127 Si

157 2156 188 2213 in
204 2157 300 2213 verbio
316 2155 457 2225 diversis,
473 2157 539 2228 quia
554 2155 641 2211 rerba
651 2158 864 2213 eonoemutant
879 2159 1011 2229 pertem-
1065 2152 1183 2225 quando
1199 2153 1315 2210 errabat
1329 2153 1391 2210 ovio
1405 2155 1477 2220 erat,
1489 2153 1572 2226 enjus
1587 2170 1685 2211 vooem
1703 2160 1735 2212 ut
1749 2163 1860 2216 erraret
1870 2176 1920 2217 an·

154 2261 236 2318 pora,
251 2248 281 2303 et
295 2245 394 2318 utiqne
410 2244 483 2302 nihil
507 2244 586 2303 aliud
611 2247 681 2303 eunt
705 2246 791 2302 verba
812 2261 900 2318 quam
916 2245 1009 2318 signa.
1065 2239 1186 2299 diebatt
1200 2242 1302 2299 Prooul
1318 2241 1408 2300 dubio
1424 2242 1501 2300 eninr
1519 2259 1575 2301 oon
1593 2249 1714 2316 erraret,
1727 2245 1752 2303 ei
1767 2263 1866 2306 voeem
1884 2267 1921 2322 pa

158 2334 356 2410 significando
372 2335 450 2391 enim
464 2335 551 2394 verba
566 2339 636 2392 eunt
651 2350 659 2391 ι
676 2333 744 2392 tolle
765 2334 1009 2408 etgnifioettonem
1064 2331 1153 2389 etoria
1169 2332 1281 2390 audiret
1298 2349 1305 2389 ι
1331 2333 1381 2389 aed
1397 2332 1460 2389 ideo
1475 2333 1591 2403 erravit,
1608 2335 1677 2408 quia
1691 2352 1790 2393 vocam
1807 2339 1921 2397 audivit

157 2424 403 2499 verbo.atrepitue
413 2424 1009 2499 inanisesretgnineataergoanatomnia
1064 2417 1172 2492 alieni,
1188 2437 1286 2479 voeem
1299 2420 1534 2480 iuriaetlatronia
1545 2422 1665 2482 audivit.
1681 2425 1763 2482 Certe
1774 2425 1921 2486 latronum

159 2512 308 2586 Numquid
323 2532 382 2571 non
395 2516 496 2572 eadem
511 2515 676 2583 eredebant,
692 2530 744 2587 per
758 2531 832 2588 quoa
846 2514 909 2572 heo
926 2515 1011 2587 aigne
1064 2527 1161 2568 vooem
1185 2527 1242 2569 non
1258 2511 1384 2568 audiunt
1402 2527 1492 2569 ovea:
1519 2513 1573 2583 Qua·
1597 2518 1742 2586 oeaeruat,
1767 2516 1877 2591 inquit,
1893 2527 1920 2576 et

158 2603 411 2673 ministrabantur,
427 2620 479 2677 per
493 2621 566 2677 quoe
580 2606 681 2662 eadem
698 2621 762 2678 qne
777 2605 936 2675 oredimus,
948 2624 1011 2679 pro·
1063 2599 1269 2677 intelligimue,
1285 2602 1390 2659 Frater
1404 2619 1468 2673 me;
1486 2601 1513 2659 id
1529 2611 1582 2676 eet,
1600 2603 1653 2674 Qui
1668 2615 1801 2663 uenerant
1815 2615 1921 2681 proter

159 2693 279 2765 pbetata
288 2695 584 2767 praenuntiabantur?
598 2694 704 2768 Utique
714 2695 888 2753 eredebant:
905 2697 956 2755 aed
967 2697 1009 2755 illi
1063 2707 1121 2764 me,
1133 2693 1209 2763 {urea
1223 2700 1287 2749 auat
1301 2700 1328 2749 et
1338 2692 1468 2763 latrone,
1490 2697 1514 2750 et
1530 2711 1587 2749 eoa
1601 2695 1752 2753 audierant
1774 2713 1819 2755 eae
1842 2716 1918 2756 ovea,

155 2790 280 2844 ventura
294 2801 428 2857 eeae,noe
439 2786 667 2845 autemvenieae.
679 2787 746 2846 ldeo
761 2792 790 2845 et
803 2788 908 2859 eterit,
921 2791 1008 2846 Ειιιιι-
1066 2782 1196 2853 llomine,
1211 2781 1235 2838 at
1251 2800 1308 2841 non
1325 2782 1482 2842 audierunt
1499 2800 1548 2841 one
1563 2801 1643 2857 oves,
1658 2786 1805 2859 quomodo
1821 2794 1920 2846 errant

155 2875 321 2950 dompetram
330 2876 506 2950 spirituatem
517 2878 654 2935 biberunt.
662 2877 851 2950 Spiritualem
859 2879 1007 2948 eumdem,
1063 2887 1130 2931 oreo
1144 2871 1159 2929 t
1173 2872 1204 2931 si
1218 2889 1286 2932 ovea
1300 2890 1358 2930 non
1373 2873 1499 2931 audiunt
1512 2874 1568 2932 niai
1584 2878 1632 2945 te;
1649 2881 1678 2932 tu
1696 2881 1793 2934 autern
1809 2877 1919 2936 veritae

157 2981 224 3023 nam
239 2965 422 3040 corporalem
445 2983 502 3024 non
518 2968 662 3025 eumdem.
688 2967 761 3035 Quid
775 2968 854 3025 enirn
870 2967 912 3025 illi
928 2969 1009 3027 bibe·
1062 2977 1094 3022 ee
1111 2980 1118 3020 ε
1133 2963 1269 3039 quinquis
1284 2963 1433 3022 veritatem
1449 2963 1539 3035 audit,
1566 2981 1623 3023 non
1648 2965 1749 3040 ulique
1763 2970 1853 3024 errat.
1872 2968 1920 3027 llti

155 3054 391 3115 banttBtbeboot
400 3058 476 3115 enim
485 3058 522 3115 de
531 3058 674 3130 spirituali
682 3068 813 3133 sequente
820 3067 899 3132 petra
909 3075 919 3116 :
929 3064 1008 3132 petro
1062 3063 1158 3113 autem
1174 3059 1284 3125 errant,
1299 3062 1328 3114 et
1343 3071 1410 3114 ovea
1425 3054 1620 3129 appellantur.
1636 3055 1750 3115 Nomai
1766 3057 1797 3115 in
1819 3075 1918 3116 errore

154 3155 248 3205 autem
259 3152 321 3205 erat
336 3146 461 3205 caretas
474 3148 498 3221 (l
515 3149 576 3206 Cor.
592 3166 620 3217 x,
642 3149 712 3219 1-4).
738 3147 839 3207 Videte
856 3165 936 3222 argo,
951 3148 1007 3208 tide
1061 3143 1125 3217 loeo
1141 3160 1208 3205 ovea
1230 3163 1287 3204 non
1313 3144 1519 3219 apellarentur,
1545 3163 1602 3203 oon
1618 3146 1763 3205 diceretur
1785 3165 1837 3222 per
1851 3148 1919 3207 Eae·

153 3241 299 3307 manente,
310 3236 396 3310 aigne
407 3238 527 3295 variata.
539 3237 582 3295 lbi
592 3245 673 3311 patra
681 3236 824 3308 Christus,
831 3237 915 3296 nobie
926 3238 1007 3295 Cbri·
1060 3237 1193 3308 ohielem,
1210 3236 1356 3294 dmentem
1379 3251 1456 3292 ouem
1470 3251 1525 3293 aea
1547 3237 1702 3293 revocoett'a.
1718 3235 1872 3301 Quomodo
1887 3243 1917 3296 et

151 3334 215 3385 etue
230 3328 309 3400 quod
326 3327 356 3385 io
367 3327 451 3385 altari
468 3328 516 3385 Dei
532 3328 662 3401 ponitur.
674 3328 709 3385 ut
723 3327 764 3385 illi
781 3344 832 3402 pro
844 3344 947 3403 magno
961 3344 1006 3387 ea·
1060 3332 1148 3396 erret,
1163 3331 1192 3385 et
1207 3327 1269 3386 ovia
1283 3332 1328 3383 eet
1342 3325 1357 3382 t
1370 3325 1476 3383 Vooem
1500 3324 1589 3383 alieni
1611 3326 1721 3383 audivit
1733 3326 1748 3384 ‘t
1762 3329 1846 3386 Certe
1861 3346 1917 3387 eoa

152 3424 300 3477 eramento
314 3419 447 3491 ojuadem
462 3419 569 3477 Christi
586 3419 723 3477 biberunt
735 3436 842 3492 aquam
858 3420 1006 3492 protluen·
1059 3419 1265 3477 oedt'ereateoa
1280 3432 1350 3474 oues.
1361 3415 1471 3473 Deinde
1486 3417 1573 3473 modo
1588 3416 1675 3473 multi
1689 3416 1870 3491 eolliguntur
1880 3420 1917 3477 ad

148 3493 207 3567 tem
222 3510 258 3566 de
273 3518 354 3583 petra
369 3527 377 3580 ;
394 3527 447 3568 noa
469 3509 543 3582 quid
563 3509 701 3567 bibamus
725 3513 835 3567 norunt
850 3510 961 3567 bdelea.
975 3509 1005 3567 si
1059 3508 1133 3567 ovile
1143 3504 1259 3574 Christi,
1271 3515 1300 3563 et
1315 3503 1503 3563 exheretioia
1516 3504 1591 3562 dunt
1602 3504 1757 3575 catholioi;
1776 3509 1916 3566 alaribus

151 3599 280 3672 epeoiom
297 3599 441 3657 visibilem
455 3599 604 3671 intendas,
619 3598 699 3656 aliud
713 3603 777 3657 eat:
794 3598 818 3656 ai
834 3597 1005 3673 intelligibi·
1059 3596 1211 3666 tolluntur,
1227 3596 1339 3669 pastori
1354 3594 1517 3651 redduntur
1533 3612 1540 3654 :
1561 3598 1590 3650 et
1604 3594 1765 3669 aliquando
1782 3612 1916 3656 murmu-

148 3687 208 3747 lem
219 3688 473 3760 significationem,
488 3689 626 3746 eumdem
641 3694 744 3760 potum
764 3688 945 3762 spiritualem
960 3688 1005 3746 bi·
1057 3695 1133 3756 rant,
1149 3687 1267 3744 tedium
1283 3686 1435 3759 patiuntur
1449 3684 1485 3741 ad
1502 3688 1693 3754 revocantem,
1709 3694 1736 3743 et
1751 3704 1811 3744 non
1825 3687 1914 3746 intel·

149 3777 266 3835 barunt.
290 3781 437 3850 Quotquot
460 3795 528 3851 orgo
543 3778 594 3836 illo
608 3784 739 3853 tempore
754 3779 944 3838 erediderunt
960 3779 1005 3837 vel
1056 3775 1361 3852 liguntjttgulantem3
1373 3779 1571 3833 verumtamen
1581 3775 1669 3833 etiam
1680 3792 1747 3834 oum
1755 3778 1916 3839 renitentes

149 3863 281 3934 Abrahae,
297 3864 340 3921 vel
354 3866 447 3935 leaeo,
461 3866 505 3923 vel
516 3865 618 3933 Jacob,
633 3865 677 3923 vel
693 3866 797 3938 Moysi,
813 3865 856 3924 vel
872 3866 937 3924 alite
948 3869 1005 3924 Pa·
1056 3868 1189 3927 venerint
1203 3885 1265 3938 que
1275 3883 1344 3926 ovee
1354 3871 1436 3937 eunt,
1448 3872 1612 3941 agnoaount
1622 3883 1720 3925 vooem
1735 3871 1874 3941 pastoria,
1886 3878 1915 3928 et

152 3952 299 4024 triarchie,
315 3951 439 4027 aliisque
453 3953 605 4026 Prophetis
620 3955 765 4013 chria-turn
782 3956 1005 4029 praenuntianti·
1055 3973 1086 4015 ae
1106 3956 1217 4016 venieao
1231 3956 1379 4026 laetantur,
1402 3961 1431 4015 et
1449 3972 1563 4013 erronee
1586 3956 1773 4014 erubeseunt.
1790 3959 1914 4025 Quando

152 4041 219 4110 buo,
234 4058 300 4100 ovea
315 4043 605 4113 erant,jetChriatum
622 4044 794 4102 audierunt:
806 4062 862 4102 noo
878 4044 1004 4105 alienam
1055 4062 1124 4119 ergo
1139 4047 1167 4103 in
1183 4045 1233 4103 illo
1249 4062 1345 4104 errore
1358 4052 1500 4119 tanquam
1515 4044 1545 4103 in
1560 4047 1681 4103 veritate
1695 4046 1912 4120 gloriabantur,

151 4149 262 4203 vooem,
273 4134 324 4191 eod
335 4133 428 4206 ipeiue
439 4134 704 4192 redieruntluden
714 4137 808 4193 luerat
818 4137 849 4193 in
860 4154 1004 4210 preeone.
1056 4146 1084 4195 et
1099 4139 1200 4211 utique
1215 4154 1272 4194 non
1288 4137 1448 4194 audiebant
1462 4152 1561 4194 vooem
1577 4137 1711 4208 panteria,
1736 4142 1767 4195 et
1781 4137 1911 4198 alienam

149 4224 223 4291 Quia
236 4227 266 4281 ot
280 4223 397 4297 qnando
407 4223 500 4296 jndae
513 4221 644 4296 loquitur
661 4242 713 4296 per
727 4241 901 4297 preoonem,
916 4242 1004 4286 exoa·
1055 4229 1121 4288 ideo
1136 4229 1346 4302 sequebantur,
1361 4242 1429 4285 ovea
1443 4231 1527 4285 erent
1541 4242 1578 4284 en
1595 4243 1652 4284 non
1676 4228 1783 4284 erant?
1798 4229 1829 4287 Si
1844 4247 1911 4288 ovea

147 4319 214 4390 pter
227 4333 287 4374 non
303 4316 382 4385 laeit,
396 4315 491 4372 Preoo
517 4315 614 4384 dixit;
638 4316 701 4385 aed,
726 4316 819 4374 ludex
844 4317 927 4374 dixit.
945 4318 1002 4376 elii
1054 4325 1147 4390 erant,
1172 4318 1318 4393 quomodo
1344 4317 1454 4375 alleooa
1469 4333 1535 4374 ovea
1550 4333 1608 4374 non
1623 4317 1778 4374 audiunt?
1801 4319 1826 4376 ai
1843 4336 1910 4379 ovea

147 4411 296 4480 auntergo
307 4421 446 4481 quoenon
456 4405 611 4464 audierunt
621 4421 698 4475 ovea,
708 4407 737 4463 in
748 4406 857 4480 quibua
868 4424 926 4465 non
937 4413 1000 4466 erat
1054 4426 1111 4468 non
1127 4413 1220 4476 erant,
1235 4423 1324 4480 qnare
1339 4407 1532 4479 objurgantur
1547 4406 1589 4463 illi
1600 4405 1705 4479 quibua
1719 4407 1841 4477 dieitur,
1856 4412 1909 4467 ltr-

146 4512 201 4555 vox
214 4496 331 4568 christi,
345 4499 488 4566 errentee,
503 4497 577 4553 talea
592 4495 734 4566 dieentes,
750 4496 848 4555 inania
864 4497 992 4570 garrien·
1053 4509 1161 4559 reatem
1174 4516 1250 4559 ovem
1264 4515 1320 4556 aaa
1329 4499 1477 4557 revocastis
1491 4498 1506 4553 t
1520 4500 1552 4555 ln
1565 4496 1637 4569 ipeia
1652 4497 1740 4555 etiam
1749 4498 1810 4571 jam
1823 4500 1908 4557 raetia

147 4594 200 4657 raa,
215 4603 289 4644 vana
303 4586 456 4659 angentes,
473 4586 597 4645 miseros
612 4587 795 4645 seducentes·
1051 4592 1202 4651 atuaticis
1217 4588 1400 4660 Christiania,
1412 4589 1493 4647 eone
1509 4589 1572 4663 apat
1588 4587 1907 4663 naatiuua,altquanao

181 4677 225 4733 10.
238 4676 312 4743 Qnid
322 4681 368 4735 eat
377 4692 444 4750 ergo
454 4675 610 4750 quoddixi,
622 4676 715 4749 Major
724 4677 785 4735 heo
795 4681 840 4736 eat
851 4677 998 4751 quaetio?
1051 4682 1129 4740 mala
1147 4681 1339 4755 contingunt;
1356 4679 1538 4738 eedneuntur
1549 4678 1579 4735 in
1590 4685 1771 4749 errorem,et
1787 4686 1909 4754 poetar·

144 4766 219 4835 Quid
234 4765 324 4825 hebet
337 4766 497 4823 obeourum
512 4769 541 4824 et
555 4767 591 4824 ad
615 4765 837 4841 intelligendum
852 4765 997 4828 diitieilet
1049 4789 1144 4833 rorem
1160 4779 1327 4831 revooantur
1343 4787 1351 4830 ε
1367 4771 1480 4843 quando
1505 4768 1618 4829 aednoti
1632 4772 1703 4827 aunt
1716 4770 1746 4827 in
1762 4786 1905 4842 errorem,

141 4857 260 4923 auerte,
276 4856 407 4914 obsecro·
432 4855 505 4913 eoae
527 4855 672 4914 Dominus
687 4857 847 4930 ipsasque
860 4857 995 4916 cariata·
1047 4868 1077 4922 at
1091 4861 1262 4937 rebaptizati
1276 4863 1495 4933 aaat‚autpoet
1509 4856 1592 4916 ovilia
1617 4858 1758 4918 aomtaiai
1776 4860 1906 4918 anaieta-

141 4946 232 5016 venit,
248 4945 415 5020 predioavit
431 4960 438 5001 ι
456 4945 557 5019 utique
579 4945 671 5003 multo
687 4945 780 5019 magia
802 4962 856 5004 vox
871 4948 995 5019 pretoria
1046 4958 1107 5013 tem
1123 4969 1227 5011 aureae
1240 4950 1272 5009 in
1287 4965 1415 5009 errorem
1432 4948 1589 5023 pristinum
1603 4945 1725 5007 revoluti
1740 4953 1820 5021 eunt,
1836 4966 1906 5009 ovea

142 5048 214 5108 arat,
229 5053 367 5111 expreoea
380 5037 445 5109 ipeo
459 5052 508 5093 ore
517 5034 654 5109 pastoris.
667 5036 695 5093 si
710 5038 789 5094 euim
804 5053 856 5111 per
869 5038 996 5113 Prophe·
1045 5047 1130 5103 arant
1143 5060 1180 5100 an
1196 5059 1255 5100 non
1269 5041 1376 5099 erant?
1389 5039 1495 5114 Utique
1509 5039 1644 5098 catholini
1653 5044 1745 5098 erant.
1757 5039 1786 5097 st
1801 5041 1905 5100 ratho-

141 5136 185 5188 tea
200 5148 253 5188 vox
269 5129 393 5202 pretoria
406 5133 479 5198 erat,
494 5132 605 5202 quanto
630 5127 724 5203 magia
742 5144 843 5188 vooem
865 5130 994 5204 paetorie
1045 5133 1095 5192 liat
1110 5131 1212 5191 ildelea
1226 5135 1320 5196 erant.
1331 5147 1399 5188 ovoe
1412 5133 1504 5189 erant.
1520 5129 1550 5187 st
1560 5145 1628 5187 ovea
1643 5133 1737 5201 erant,
1755 5130 1904 5204 quomodo

140 5220 703 5297 proterebetlinguaipaaparturiettlon
714 5221 989 5281 omneeaudieruot
1044 5241 1146 5283 vooem
1161 5223 1248 5282 alieni
1264 5221 1366 5279 audire
1380 5223 1546 5294 potuerunt,
1563 5235 1627 5278 oum
1649 5216 1794 5278 Dominae
1812 5218 1904 5288 dieat,

139 5310 197 5368 Sed
211 5312 281 5384 quid
296 5314 458 5386 putemne?
471 5312 523 5388 qui
537 5312 704 5378 audierunt,
718 5328 786 5371 ovea
797 5316 880 5370 erant
891 5312 906 5370 t
919 5312 992 5372 ltoee
1043 5331 1100 5374 aea
1113 5314 1262 5373 aadteaeat
1275 5328 1320 5371 eoa
1333 5313 1416 5370 oeeet
1548 5373 1553 5381 ,

140 5399 254 5459 audivit
279 5401 379 5467 tudae.
395 5408 423 5461 et
442 5404 531 5479 lupun
544 5409 607 5464 erat
622 5421 630 5464 ι
646 5405 835 5478 aequabatur,
849 5405 901 5464 oed
916 5404 992 5478 pelle
1080 5406 1125 5463 12.
1139 5401 1280 5472 audietis,
1297 5402 1411 5472 tratres,
1434 5398 1619 5458 altitudinem
1636 5397 1819 5473 queationie.
1832 5397 1904 5457 Dioo

139 5489 226 5550 ovina
239 5493 332 5549 teotua
347 5495 455 5565 paetori
469 5495 671 5555 insidiabatur.
689 5494 787 5571 atiqul
806 5510 874 5556 vero
888 5511 990 5555 eornm
1043 5512 1113 5571 ergo
1125 5511 1133 5554 a
1147 5494 1225 5554 ttae
1239 5488 1904 5567 nemeamqataoatqaa(1trta.u,uetuerat

140 5581 194 5658 qni
208 5579 356 5641 tthriatum
380 5584 596 5664 oruaitlxerant,
620 5603 680 5650 non
693 5587 862 5666 radiabant,
876 5591 906 5651 et
919 5604 987 5652 ovea
1043 5586 1207 5664 prosaltor,
1216 5584 1297 5645 novit
1305 5582 1589 5660 praeeatioatoazea
1600 5579 1769 5657 illoquippe
1779 5579 1900 5657 dieitur,
