3952 6150
59 153 133 212 2345

59 278 125 333 Haec
139 283 176 331 eet
190 280 280 331 antem
293 275 352 329 uita
361 280 475 338 artemia,
488 280 519 330 nt
534 282 693 346 cognoscent
706 282 731 330 te
741 276 829 332 solam
844 292 885 330 oe·

58 365 123 405 rani
137 348 232 411 Deam,
243 352 269 402 et
279 362 354 417 quem
360 345 461 400 misisti
465 345 557 401 iesum
567 346 705 402 Christum
713 346 803 419 (ioan.
814 362 884 413 xvn,

58 421 98 492 3).
111 421 242 475 Ριιιιιιιιιι
259 417 339 473 enim
354 418 434 474 credi
449 418 547 483 debet,
563 417 640 474 sicat
652 434 670 474 a
682 418 828 490 Propheta
843 420 886 474 di-

58 500 142 548 ctum
157 496 210 555 est,
224 487 334 545 deinde
344 489 411 544 sciri
421 489 503 561 qnod
519 489 887 561 crediturtquiajamllde-

57 562 116 619 lein
130 562 195 617 etin
203 560 296 616 haere
305 559 478 630 diligentem
489 560 742 633 adjuvatSpiritns
752 567 890 627 sauctus,

59 641 90 689 nt
105 647 292 704 cognoscens
308 631 528 702 intelligatlidei
539 631 697 689 rationem.
709 631 790 687 Tunc
806 631 886 688 enim

57 704 183 778 plenum
199 702 289 759 habet
302 702 448 772 gaudium
474 703 654 759 credulitatis
671 718 744 768 suoe,
760 703 784 758 si
803 703 887 775 quod

57 774 887 843 creditintelligat.liecestenimiideirobur,hocimmo·

57 845 887 915 bilelundamentumcredulitatis,addiscei·esacramen·

59 925 134 976 tum.
150 917 203 974 Ubi
214 918 295 973 enim
308 915 373 972 sola
383 915 457 971 fides
469 922 523 984 est,
534 931 594 972 non
608 922 653 972 est
665 922 725 973 tam
737 933 820 973 mera
836 917 887 973 de-

60 992 149 1047 votio.
161 994 295 1062 etpotest
308 985 424 1043 aditum
439 987 550 1043 habere
563 987 651 1043 subre
676 989 724 1044 tio.
741 989 886 1044 Undenas

56 1062 211 1118 electionis
223 1058 428 1126 ideolaborat‚
437 1063 467 1113 ιιι
478 1058 632 1114 credentes
666 1059 713 1114 dei
723 1075 784 1115 sires
798 1060 887 1115 ratio·

58 1148 129 1189 nem
145 1132 287 1187 ediscant.
302 1132 377 1185 Cam
389 1131 469 1184 enirn
496 1132 688 1200 cognoverint
704 1137 835 1202 quantus
850 1133 887 1187 sit

57 1206 106 1260 cui
119 1220 150 1259 se
165 1201 354 1268 crediderint,
375 1206 403 1256 et
417 1216 482 1271 quae
498 1201 537 1256 sit
550 1201 615 1271 ejus
629 1203 759 1272 potentia
775 1223 781 1264 ;
804 1202 886 1259 nullo

57 1283 160 1347 pacto,
176 1274 317 1345 nullaque
327 1272 442 1328 ratione
458 1271 497 1328 ab
511 1273 575 1342 ejus
591 1287 644 1343 spe
659 1273 772 1328 traduci
788 1289 819 1328 se
833 1289 887 1344 pa·

58 1347 177 1402 tientur.
188 1345 269 1400 Unde
278 1343 387 1399 dictum
402 1343 426 1397 le
450 1342 538 1408 imus,
552 1343 674 1410 Gastote,
685 1351 709 1399 et
720 1342 887 1415 eiectaque·

57 1417 275 1473 niamsaaaisest
284 1358 507 1496 Damnonion.
516 1430 613 1480 ιιιιιι,
622 1418 649 1481 9)
659 1431 664 1469 :
676 1415 781 1471 utdata
794 1431 886 1487 opera

58 1493 246 1559 cognoscant
265 1486 428 1541 divinitatis
442 1501 508 1556 eJus
522 1501 672 1557 saporem,
689 1484 886 1556 intelligentes

58 1559 134 1616 nihil
149 1558 313 1630 sapientius
332 1571 505 1629 essequam
533 1556 563 1612 in
593 1556 738 1612 Christum
754 1558 885 1613 credere.

58 1632 261 1698 Quamobrem
273 1629 338 1701 ipsa
352 1628 485 1698 Magister
496 1627 885 1697 Gentiumintercmteraait,

58 1703 152 1774 Inque
160 1707 223 1756 sant
235 1699 755 1770 omnesenemartsapienriaeetscientia
769 1700 820 1755 Dei
829 1700 888 1754 cbr-

58 1773 165 1829 conde'ti
192 1771 302 1843 (Coton.
319 1786 349 1837 ιι,
362 1772 389 1835 3)
405 1785 411 1824 :
428 1775 456 1825 et
479 1772 597 1838 ilerum,
619 1771 690 1836 Scia,
712 1773 817 1843 iuquit,
843 1773 888 1826 cai

57 1840 536 1914 credidi,qaiapotenaestdcpositan
541 1841 805 1913 neamcaetodirelll
816 1842 885 1897 Tim.

58 1932 79 1979 ι,
91 1922 121 1972 12
139 1957 144 1969 .
160 1918 249 1985 igitur
260 1912 675 1978 hicscitfideisnoerationem,
691 1920 787 1969 elnon
801 1914 888 1969 dubi·

59 1993 102 2045 tat
114 1919 152 2043 ie
165 1985 297 2066 potentia
310 1985 453 2066 ejusqui
468 1984 602 2053 intelligit
614 2000 718 2041 omnes
732 1985 888 2041 thesauros

59 2057 889 2131 sapientiaeetscientnernsacramentonativitatisetpas-

59 2130 176 2187 sionnis
199 2132 228 2184 et
248 2128 470 2183 resurrectionis
485 2126 591 2183 Christi
603 2143 669 2182 esse
683 2127 886 2183 absconditos.

59 2205 193 2260 tianente
201 2197 346 2269 ergoiide,
358 2199 409 2254 diu
417 2214 536 2255 mecum
546 2199 668 2264 contuli,
680 2204 709 2255 ut
720 2200 825 2254 scirem
836 2214 889 2255 cur

61 2273 206 2330 Dominus
221 2274 322 2326 noster
336 2269 373 2325 de
389 2271 518 2325 sacriset
532 2270 567 2326 de
581 2269 752 2326 coelestibus
766 2271 888 2326 sedibus

58 2344 100 2401 ad
111 2350 220 2400 terram
232 2342 422 2398 incarnatus¹
440 2341 578 2409 venisset,
588 2347 615 2397 et
628 2356 689 2397 non
702 2342 787 2407 alius,
800 2342 888 2397 exeis

59 2431 138 2488 qnos
152 2416 210 2487 ipse
227 2413 372 2468 Dominus
388 2419 508 2469 sanctos
523 2412 651 2482 Angelos
666 2418 768 2469 vocat.
783 2413 887 2468 incon-

60 2483 886 2557 gruumenimvideturpersonaeejushocopussubiisse,

59 2555 403 2614 nisicauseiactinoseat
417 2569 461 2609 ur.
475 2557 606 2628 Denique
613 2556 669 2612 hoe
677 2554 808 2637 estquod
823 2570 888 2610 mo·

59 2636 108 2685 vet
123 2627 245 2685 multos.
261 2629 334 2683 Nam
350 2627 447 2697 potuit
462 2627 512 2681 Dei
527 2626 620 2682 Patris
635 2626 766 2698 provisio
781 2643 835 2699 per
845 2626 889 2682 al·

60 2708 155 2756 teram
169 2713 328 2770 personam
341 2697 398 2753 hoc
414 2699 565 2767 negotium
581 2713 692 2770 gerere,
705 2704 735 2752 ιιι
748 2703 776 2753 et
793 2698 887 2754 homi·

59 2772 150 2827 nibus
161 2771 296 2825 inerrare
309 2768 478 2824 constitutis
493 2773 666 2825 ostenderet
680 2768 845 2834 veritatem,
861 2772 890 2824 et

59 2841 217 2899 diabolum
241 2847 489 2911 presumptorem
508 2846 536 2896 et
550 2840 653 2896 salutis
668 2839 802 2896 invidum
818 2856 888 2896 cum

59 2912 236 2970 satellitibus
250 2911 316 2982 ejus
327 2912 547 2983 comprimeret,
561 2916 589 2966 et
597 2912 777 2980 exspoliaret
789 2911 889 2967 devic-

60 2982 888 3055 tum.Quiapervicaciaetirreverentianequissimorum

60 3053 505 3120 servorum,ministrisiamnlis
518 3053 849 3125 inerateompescenda,
858 3058 889 3108 ut

60 3142 124 3185 non
141 3127 283 3182 Dominus
297 3126 435 3181 omnium
450 3140 514 3181 rem
529 3125 586 3180 sibi
601 3124 760 3195 indiguam
775 3124 890 3197 experi-

60 3205 153 3256 retur.
169 3201 270 3269 Neque
278 3196 358 3251 enim
369 3201 451 3252 tanta
463 3197 506 3251 vis
518 3201 547 3252 et
561 3198 693 3269 potentia
706 3201 751 3252 est
762 3201 887 3261 satanae,

60 3276 93 3326 ut
106 3284 159 3342 per
173 3268 298 3325 alteram
309 3272 485 3340 potestatem
500 3268 636 3337 ejusdem
650 3267 828 3324 conditionis
837 3275 888 3322 sn-

60 3341 159 3425 perari
175 3338 298 3395 minime
313 3339 466 3408 potuisset,
484 3355 553 3395 cum
568 3343 683 3395 constet
710 3339 760 3394 Dei
775 3337 888 3394 auxilio

60 3428 162 3485 ipsum
172 3413 262 3467 etiam
275 3410 313 3465 ab
322 3409 497 3466 hominibus
507 3411 593 3466 vinci.
603 3413 675 3467 llam
688 3410 889 3482 quamvisim-

60 3498 116 3556 par
128 3483 175 3547 sit,
189 3483 213 3538 si
226 3498 262 3539 ex
273 3482 394 3537 terrenis
408 3497 567 3537 sumamus
580 3482 727 3553 exempla,
741 3488 840 3537 tamen
850 3496 886 3537 ex

60 3552 888 3627 aliquaparteconvenientrationi.Servumenimcontra

60 3625 156 3682 David
167 3623 736 3695 regemrebellantem,ioabconversus
747 3625 887 3694 ejusmis-

60 3714 113 3754 sus
127 3703 170 3752 est
185 3695 324 3769 persequi
335 3699 363 3750 et
376 3695 540 3762 trucidare;
555 3702 583 3751 et
599 3702 702 3751 contra
714 3693 844 3750 hbsalon
857 3695 888 3749 in

60 3774 179 3841 patrem
194 3766 322 3837 impium
338 3768 432 3822 servis
447 3767 580 3837 injuncta
594 3782 641 3821 res
655 3771 698 3822 est
710 3767 745 3832 (ll
758 3766 822 3837 ileo.
837 3782 887 3831 xx,

61 3842 89 3904 a,
105 3845 131 3894 et
147 3854 193 3903 xv,
212 3839 255 3911 tt)
268 3855 274 3893 :
288 3844 404 3909 quanto
419 3840 515 3908 magis
531 3842 560 3894 et
575 3837 764 3909 tyrannidem
776 3836 889 3892 diaboli

60 3910 243 3967 vincendam
265 3910 353 3964 unius
376 3908 414 3963 de
427 3909 527 3964 multis
552 3907 709 3964 suffecerat
731 3906 888 3974 efficacin;

85 3983 175 4107 uippe
203 3995 272 4036 cum
287 3980 424 4049 legamus
443 3979 514 4106 qnia
529 3994 703 4053 repugnans
719 3985 823 4035 contra
837 3979 890 4034 hli-

61 4070 77 4110 c
102 4068 137 4108 ae
164 4051 378 4120 archangelum
412 4066 443 4106 er
467 4066 553 4106 arare
565 4067 625 4106 non
639 4050 743 4123 poluit,
757 4051 810 4106 sed
825 4065 891 4122 pro·

59 4121 376 4197 jectusinterramest(
403 4137 464 4192 poc.
478 4121 891 4194 xu,'a·it)iliocergomecum

62 4210 144 4266 saepe
159 4198 312 4266 reputans,
329 4193 387 4248 boo
397 4193 494 4249 solum
511 4193 654 4258 sciebam,
666 4195 735 4265 quie
747 4193 814 4248 ideo
828 4192 891 4264 ipse

65 4284 83 4324 a
99 4268 183 4323 Patre
200 4265 312 4321 missus
321 4267 378 4329 est,
388 4279 425 4319 ne
438 4265 477 4320 ad
490 4264 633 4336 injuriam
645 4264 710 4335 eius
720 4264 890 4335 pertineret,

65 4337 91 4393 si
106 4353 183 4409 opus
201 4351 261 4463 Xer
283 4351 352 4392 enm
369 4334 490 4400 iactum,
507 4335 700 4407 penellarum
715 4335 892 4391 reformare·

67 4411 133 4465 tnr²
145 4424 151 4461 :
168 4423 199 4463 se
229 4408 286 4464 hoc
298 4409 373 4463 scire
384 4407 543 4463 minimum
554 4414 627 4463 erat.
641 4406 705 4462 Non
717 4406 797 4462 enim
809 4405 893 4462 satis·

65 4478 194 4537 iaciebat
205 4479 243 4535 ed
258 4484 318 4535 tam
332 4493 472 4550 magnam
488 4481 516 4533 et
534 4477 741 4534 admirabilem
757 4493 892 4544 causam,

67 4550 125 4607 nisi
140 4553 169 4604 et
183 4549 264 4606 aliud
279 4550 583 4621 comprehenderetur
595 4550 677 4621 quod
688 4548 894 4621 proficeretad

66 4637 212 4678 arcanum
240 4620 433 4677 intellectum.
451 4621 497 4677 Sic
511 4621 622 4677 iactum
639 4627 692 4687 est,
710 4627 740 4676 nt
756 4621 891 4676 animad-

824 143 1017 214 serenant.

1699 158 1770 221 2346

942 285 1114 351 sumpserat
1129 284 1272 349 satanasi
1293 283 1323 340 et
1338 279 1375 338 de
1388 285 1497 338 caetero
1511 283 1632 354 cognita
1646 287 1770 344 veritate

940 348 1141 476 relinquerent
1153 366 1295 418 errorem,
1307 367 1361 479 pro
1371 359 1450 409 certo
1463 352 1610 409 habentes
1620 356 1769 416 Christum

941 436 1006 476 esse
1044 436 1070 477 e1
1086 423 1199 488 Filium,
1214 424 1266 496 qui
1277 439 1311 479 so
1325 439 1359 478 us
1369 426 1446 480 Deus
1458 424 1495 480 de
1507 428 1565 482 Deo
1576 426 1620 491 sit,
1636 430 1665 481 et
1678 435 1769 501 caput

941 492 1002 548 sive
1017 493 1198 573 principium
1213 511 1319 551 eorum
1334 497 1481 560 omnium,
1499 497 1560 551 sive
1573 512 1641 569 qum
1652 499 1682 553 in
1692 501 1770 558 coelo

942 568 1019 629 sunt,
1028 579 1089 619 sive
1099 580 1168 637 qum
1177 565 1206 621 in
1222 570 1297 622 terra
1309 568 1396 638 :quia
1407 568 1514 623 virtute
1523 573 1550 623 et
1559 570 1769 643 potentiaque

942 635 1264 707 superavittyrannum
1275 644 1421 703 satanam,
1434 637 1641 695 manifestatus
1650 641 1714 696 esti
1737 656 1769 698 se

941 721 1016 771 esse,
1031 707 1285 780 cujusimperium
1321 716 1531 780 resumpserat
1543 710 1654 782 impius
1665 657 1769 770 diaho-

940 775 999 858 lus,
1016 779 1066 850 qui
1081 783 1127 833 est
1140 786 1274 835 satanas.
1293 723 1368 834 gum
1384 781 1463 835 enim
1478 779 1571 836 voluit
1582 782 1684 854 inique
1694 785 1769 840 deus

940 847 1009 929 dici,
1027 852 1058 904 ut
1072 849 1278 907 dominaretur
1291 851 1430 921 potentiis
1447 850 1652 923 spiritualibus
1677 853 1769 925 (unde

941 928 1113 990 increpatur
1132 938 1152 977 a
1168 921 1312 993 propheta
1336 921 1462 987 dicente,
1491 923 1532 978 Ta
1559 923 1641 990 enim,
1661 924 1767 996 inquit,

940 990 1041 1045 dixisti
1055 992 1084 1047 in
1099 992 1176 1046 carde
1192 999 1250 1060 tuo,
1265 993 1366 1048 Ponam
1377 993 1463 1048 aedem
1472 1009 1558 1049 meam
1571 995 1600 1048 in
1610 993 1734 1062 nabibus,
1744 1004 1769 1053 et

940 1076 987 1115 ero
996 1063 1249 1119 sinitisdltiseimo
1260 1062 1339 1137 [lsai.
1352 1081 1407 1132 xiv,
1420 1069 1460 1129 te.
1476 1063 1547 1137 tt]),
1563 1066 1671 1121 multos
1682 1066 1769 1123 dece·

940 1133 993 1205 pit,
1005 1148 1134 1216 quornm
1149 1137 1368 1207 conspiratione
1384 1137 1523 1207 princeps
1538 1139 1646 1192 erroris
1660 1138 1770 1193 estfac-

941 1210 997 1259 tus.
1015 1206 1075 1285 Qui⁸
1096 1222 1125 1260 ιιι
1151 1206 1267 1261 Psalmo
1287 1215 1528 1271 commonentur,
1541 1213 1573 1262 nt
1600 1207 1768 1279 rejicientes

941 1277 1141 1340 mendacrum,
1150 1278 1488 1347 suscipiantveritatem.
1500 1278 1609 1334 Dicitur
1617 1281 1698 1336 enim
1708 1282 1766 1335 eis:

943 1345 1039 1400 Tollite
1071 1355 1152 1411 ortas,
1168 1349 1317 1430 principes,
1340 1355 1457 1415 ocetrcs;
1471 1348 1659 1415 animemini,
1714 1359 1769 1408 rtae

940 1363 1091 1483 aeternalis,
1107 1425 1132 1472 et
1147 1419 1274 1473 introibat
1286 1435 1337 1473 rec
1347 1419 1452 1489 glorier.
1480 1420 1540 1475 Nisi
1555 1421 1634 1475 enim
1649 1426 1678 1476 to
1691 1421 1769 1479 latur

940 1503 1022 1544 error
1029 1489 1066 1544 de
1081 1488 1231 1546 mentibus
1239 1490 1472 1554 incredulorum,
1483 1504 1543 1546 non
1554 1497 1694 1563 poterunt
1704 1510 1769 1547 sus·

940 1561 1038 1631 cipere
1054 1560 1144 1617 fidem
1160 1562 1251 1617 unius
1275 1561 1325 1617 Dei
1339 1562 1369 1617 in
1385 1562 1512 1617 Christo.
1528 1562 1588 1617 lioc
1602 1563 1682 1618 enim
1699 1564 1769 1619 edo-

941 1638 1053 1694 centur,
1065 1637 1096 1686 ul
1108 1631 1234 1688 sublatis
1246 1633 1338 1703 portis
1353 1648 1407 1758 Ber
1419 1648 1496 1705 ques
1508 1634 1566 1688 itur
1578 1633 1616 1688 ad
1629 1639 1767 1701 mortem,

942 1702 1354 1774 secundumperlidiamadie
1377 1703 1770 1777 olocoeplam¹,suscipiant
1879 1691 1882 1695 Α

940 1773 1010 1828 tidei
1024 1780 1212 1831 sacramenta
1222 1789 1281 1899 fper
1292 1790 1359 1848 quse
1375 1775 1433 1829 itur
1448 1775 1486 1830 ad
1502 1775 1607 1832 vitem.
1627 1778 1684 1832 ista
1700 1782 1771 1834 scint

941 1845 1021 1900 enim
1048 1861 1116 1917 ques
1143 1845 1219 1917 signi
1242 1852 1288 1901 cat
1314 1846 1342 1901 in
1358 1845 1548 1901 eternalibus
1564 1848 1656 1916 portis
1674 1863 1680 1913 ;
1698 1848 1770 1920 quia

942 1916 1047 1972 veritas
1057 1917 1285 1973 tideinsternitas
1299 1923 1359 1972 est:
1376 1916 1502 1988 pertidia
1512 1922 1770 1990 autemtempora·

941 1987 978 2043 lis
993 1994 1046 2053 est,
1062 1987 1136 2060 quie
1161 1987 1353 2044 mendacium
1373 1987 1544 2044 adinventio
1571 1988 1686 2044 diaboli
1713 1996 1767 2046 est.

944 2057 1084 2114 Diabolus
1098 2059 1177 2114 enim
1198 2064 1329 2131 coeptam
1342 2059 1617 2131 prevaricationem
1630 2060 1659 2115 in
1676 2061 1768 2127 coelis,

942 2130 1099 2185 seminavit
1112 2131 1141 2185 in
1153 2130 1250 2198 terris,
1260 2130 1422 2186 multorum
1432 2129 1558 2186 deorum
1570 2131 1770 2187 suadensoul-

942 2202 1219 2273 turam,interquos
1229 2202 1427 2273 principatum
1442 2200 1575 2256 haberet.
1587 2202 1769 2273 Capotenim

941 2277 972 2328 et
985 2273 1166 2344 principium
1180 2272 1272 2328 voluit
1286 2288 1351 2327 esse
1366 2279 1550 2340 caeterorum,
1568 2272 1649 2344 qnod
1666 2288 1726 2329 non
1742 2273 1770 2330 ei

942 2342 1116 2415 debebatur,
1133 2344 1186 2398 sed
1202 2344 1358 2400 Salvatori.
1379 2343 1462 2398 Unde
1485 2343 1675 2415 persequitur
1699 2360 1770 2401 eum

942 2430 1037 2497 usque
1052 2415 1090 2470 ad
1106 2423 1224 2480 terram,
1239 2421 1269 2469 ut
1280 2415 1483 2485 comprimens
1495 2430 1565 2470 eum
1576 2415 1716 2471 ostendat
1727 2431 1771 2471 er·

942 2501 1017 2541 roris
1027 2486 1092 2554 ejas
1107 2487 1381 2557 praevaricationem
1395 2483 1584 2541 manifestata
1608 2487 1636 2541 in
1652 2502 1682 2542 se
1696 2487 1770 2542 veri·

942 2562 1010 2613 tate.
1027 2558 1109 2614 Unde
1122 2558 1291 2613 dictumest
1304 2575 1310 2613 :
1327 2556 1554 2613 Veritaseleterrc
1563 2563 1625 2612 orta
1637 2557 1768 2625 esttPsat.

942 2644 1057 2694 cxxxiv,
1071 2628 1126 2700 lt).
1146 2629 1298 2698 Proiectus
1311 2630 1391 2684 enim
1414 2628 1452 2683 de
1475 2628 1567 2693 coelis,
1584 2628 1717 2698 confugit
1732 2629 1770 2684 ad

941 2703 1045 2756 terras.
1062 2705 1092 2754 ιιι
1110 2698 1283 2755 meditatam
1309 2698 1495 2754 divinitatem
1509 2699 1539 2754 in
1556 2700 1704 2770 supernis,
1720 2715 1772 2756 ex·

941 2770 1033 2851 ploret
1045 2769 1075 2826 in
1092 2769 1292 2826 interioribus.
1311 2769 1393 2827 Unde
1407 2769 1479 2824 dicit
1491 2769 1651 2841 Apostolus
1666 2771 1728 2826 :Ita
1740 2777 1771 2826 ut

942 2858 972 2896 in
983 2840 1080 2912 tempto
1094 2842 1147 2896 Dei
1160 2840 1258 2907 sedeat,
1284 2840 1421 2896 ostendens
1433 2856 1486 2895 rere
1500 2839 1578 2912 qnasi
1599 2842 1635 2895 eit
1652 2847 1720 2898 Deae
1735 2843 1770 2911 (ll

946 2913 1036 2968 Thess.
1051 2928 1080 2976 ιι,
1095 2912 1132 2981 ll.
1150 2913 1277 2984 Qooquo
1287 2914 1368 2968 enim
1380 2912 1470 2967 modo
1485 2911 1771 2969 desideriumsuum

942 2983 1066 3055 implere
1077 2982 1139 3037 vult
1153 2987 1179 3039 et
1187 2982 1341 3039 damnari:
1354 2983 1451 3039 lurore
1464 2983 1543 3039 enim
1554 2981 1661 3055 plenus
1671 2984 1772 3039 minus

941 3059 1027 3127 putat
1042 3070 1107 3110 esse
1120 3053 1270 3120 damnari,
1283 3068 1377 3126 quam
1392 3068 1452 3110 non
1468 3054 1587 3126 explere
1598 3054 1773 3112 aviditatem

942 3141 1059 3182 erroris.

1213 3209 1357 3250 assensus
1375 3208 1513 3250 ricinos.

977 3267 1056 3324 cxlv
1074 3266 1126 3339 (a).
1147 3296 1181 3309 -
1201 3267 1266 3331 Qua
1285 3267 1399 3322 ratione
1419 3264 1532 3334 Pagani
1551 3265 1696 3320 adversus
1717 3281 1773 3321 nos

942 3338 1075 3396 audeant
1088 3338 1240 3408 congredi,
1261 3343 1313 3394 aut
1326 3336 1417 3393 fidem
1434 3341 1565 3393 nostram
1582 3337 1770 3408 impugnare,

942 3426 974 3467 se
984 3415 1083 3466 antem
1099 3408 1367 3483 putentabsolutos
1381 3424 1455 3475 esse,
1472 3422 1532 3465 non
1544 3407 1642 3464 video.
1657 3408 1773 3479 Quippe

940 3479 1772 3550 cumnullahabeantassertionumsuarumdocumenta,

940 3550 1773 3696 tlhilltlninhilariani-illuiiiiii

1378 3664 1385 3688 ι
1552 3663 1560 3686 Ι

941 3711 1088 3751 novarum
1103 3709 1202 3750 rerum
1215 3700 1352 3750 auctores
1368 3700 1395 3749 et
1409 3692 1582 3749 defensores
1593 3693 1770 3748 habeantur.

942 3764 1774 3846 Primoeniminlocodeosscasseruntcolere:qnorum

941 3835 1773 3907 nullainsignia.nulladanttestimonia.illosenimdeos

943 3908 1105 3981 appellant,
1144 3908 1173 3962 ui
1189 3922 1221 3962 se
1235 3908 1299 3963 eusi
1320 3923 1380 3963 non
1396 3913 1467 3963 sunt
1486 3907 1543 3962 hoc
1563 3906 1685 3962 nomine
1700 3923 1775 3963 nun-

943 3995 1064 4051 cupere,
1089 3985 1121 4035 ut
1157 3978 1274 4035 omines
1288 3986 1425 4035 auctores
1447 3978 1574 4034 deorum
1594 3977 1773 4045 habeantur,

943 4048 1775 4133 cumDeusauctordebeetessebominibus:acperhoc

944 4121 1163 4179 vanuetinanis
1178 4123 1302 4178 assertio
1313 4128 1366 4178 est.
1377 4122 1527 4193 Quidquid
1541 4121 1620 4175 enim
1637 4137 1702 4176 sine
1715 4121 1775 4176 Deo

944 4199 997 4260 est,
1010 4193 1114 4250 stabile
1130 4209 1195 4249 esse
1214 4208 1275 4249 non
1290 4197 1413 4266 postest.
1435 4190 1588 4248 Manifesta
1605 4192 1683 4245 enim
1709 4205 1775 4246 esse

944 4281 1013 4339 qum
1026 4265 1103 4329 dico,
1136 4264 1245 4321 robant
1254 4264 1322 4320 libri
1336 4279 1450 4327 eorum,
1462 4261 1612 4333 inquibus
1624 4257 1776 4316 nihildivi·

945 4352 1029 4402 num,
1053 4281 1134 4392 nihii
1153 4339 1211 4391 er
1228 4335 1353 4405 jubente
1372 4333 1478 4403 legitur
1492 4332 1705 4398 constitutum;
1722 4333 1775 4387 sed

946 4406 1081 4478 singulos
1103 4407 1184 4462 viros
1211 4410 1333 4487 propter
1356 4404 1506 4476 quasdam
1529 4418 1636 4458 causas
1656 4403 1776 4458 diversa

946 4484 1084 4535 asserunt
1105 4478 1266 4532 instituisse
1279 4477 1449 4532 munimum
1465 4473 1621 4538 sacrificia,
1639 4477 1670 4528 ιιι
1689 4473 1707 4527 ιι
1722 4473 1775 4546 qni

947 4551 1059 4606 nullius
1087 4548 1182 4604 meriti
1204 4548 1351 4610 videntur,
1374 4562 1409 4602 ea
1433 4546 1497 4617 ipsa
1520 4560 1588 4615 quae
1611 4549 1776 4601 statuerent

947 4622 1038 4691 digne
1065 4620 1207 4674 statuisse
1230 4617 1436 4689 probarentur.
1461 4615 1587 4682 Quando
1610 4630 1681 4685 ergo
1699 4631 1776 4687 quos

67 4698 214 4749 verterem
225 4707 350 4748 eausam
359 4691 416 4747 hoc
429 4693 612 4763 poposcisse,
625 4699 656 4747 at
668 4694 711 4748 sic
722 4691 895 4763 veniretqui
948 4694 1020 4748 deos
1041 4689 1205 4762 appellant,
1226 4689 1300 4746 nihil
1319 4689 1427 4745 horum
1455 4686 1775 4756 mandasseleguntur;

67 4766 160 4820 venit.
176 4764 277 4835 Ipsum
293 4763 373 4818 enim
388 4763 465 4819 ratio
480 4763 631 4833 tangebat,
647 4769 680 4819 ut
691 4763 897 4819 adeumcom·
948 4780 1009 4837 qua
1025 4762 1201 4818 auctoritate
1213 4760 1244 4816 hi
1268 4761 1391 4826 iaciunt,
1412 4766 1463 4814 aut
1484 4761 1608 4829 accepto
1629 4758 1696 4813 terri
1720 4774 1778 4831 pu-

67 4834 453 4908 pcimendumveniret,qni
463 4834 746 4906 dignitatemejuset
758 4836 897 4889 meritum
949 4840 1023 4900 tent,
1041 4833 1193 4904 quodnon
1228 4831 1336 4888 robant
1351 4831 1527 4888 mandatum
1542 4846 1549 4895 ;
1562 4845 1630 4885 cum
1648 4829 1673 4884 si
1687 4831 1777 4886 etiam

69 4911 256 4977 usurpasset.
270 4907 336 4961 Post
348 4905 440 4960 Deum
452 4907 531 4961 enim
543 4906 659 4961 Patrem
676 4904 813 4961 diabolus
823 4904 897 4959 deus
949 4905 1128 4962 mandatum
1155 4848 1340 4976 proheretur,
1360 4900 1597 4959 examinandum
1622 4901 1778 4974 priusine·

68 4977 127 5033 dici
144 4974 897 5049 voluit,quodetnuncusquecontendit,cumuti-
950 4985 995 5034 rat
1024 4977 1049 5031 si
1078 4976 1205 5046 dignum
1229 4981 1305 5031 esset
1325 4980 1376 5030 aut
1404 4973 1539 5029 debitum
1569 4972 1616 5028 his
1644 4972 1777 5039 obedire,

93 5063 129 5103 ue
146 5063 206 5104 non
222 5046 306 5103 illam
322 5062 369 5103 res
384 5049 576 5118 contingeret,
601 5048 654 5102 sed
669 5054 748 5103 esset
763 5048 819 5103 hoc
834 5045 897 5102 Filii
974 5063 1079 5104 uorum
1096 5047 1178 5103 nulla
1193 5047 1289 5117 signa,
1313 5051 1364 5102 eut
1387 5045 1535 5118 prodigia,
1561 5043 1599 5098 ad
1623 5056 1777 5097 commen·

69 5065 134 5182 Dei,
148 5118 201 5191 qui
219 5125 284 5190 post
298 5119 412 5174 Patrem
430 5118 523 5174 Deum
538 5119 689 5175 secundus
705 5125 761 5186 est,
777 5133 837 5174 non
848 5133 898 5173 na·
950 5064 1104 5175 gallonem
1133 5117 1299 5174 divinitatis
1327 5117 1355 5172 in
1379 5116 1467 5172 rebus
1485 5113 1574 5184 gestis
1597 5110 1780 5168 existerent?

69 5195 150 5257 tura,
164 5190 216 5245 sed
230 5189 346 5245 ordine.
361 5190 406 5246 hd
422 5190 499 5245 hanc
514 5205 586 5259 ergo
602 5205 727 5246 eausam
749 5189 897 5261 agendam
953 5191 1008 5247 Sed
1025 5189 1122 5245 solent
1140 5188 1180 5244 eb
1193 5188 1240 5243 bis
1252 5186 1363 5244 exclusi
1382 5189 1420 5244 ad
1436 5186 1583 5242 elementa
1606 5183 1778 5254 confugere,

70 5277 131 5317 non
149 5260 241 5316 alium
252 5262 383 5331 oportuit
396 5262 495 5317 venire
508 5262 566 5317 nisi
578 5261 724 5317 Christum
740 5261 898 5316 Dominum
951 5262 1083 5317 dicentes
1099 5260 1162 5315 boec
1177 5275 1208 5314 sc
1223 5259 1318 5316 colere
1358 5274 1464 5314 uorum
1481 5253 1691 5326 gubernaculis
1706 5254 1780 5325 regi·

70 5338 228 5388 nostrum:
245 5333 296 5413 qui
309 5347 369 5388 non
385 5338 500 5389 tantum
512 5333 551 5389 ed
562 5332 824 5405 comprimendum
838 5331 900 5388 dia·
953 5339 999 5389 tur
1012 5334 1073 5388 vita
1089 5331 1233 5387 hnmana.
1253 5335 1274 5385 Α
1294 5330 1345 5401 qui
1370 5345 1414 5393 us,
1431 5333 1462 5383 ut
1482 5341 1585 5395 supra,
1599 5326 1780 5398 requirimus

69 5403 174 5461 bolum
192 5403 336 5468 ven1t‚sed
346 5409 375 5459 et
385 5403 574 5460 maniiestare
584 5405 713 5476 seipsum
725 5403 809 5459 amni
821 5419 901 5458 crea·
952 5403 978 5458 si
1003 5402 1181 5459 mandatum
1205 5406 1251 5457 est
1265 5406 1316 5456 aut
1332 5400 1450 5471 jussum
1465 5414 1483 5454 a
1500 5399 1569 5462 Deo,
1584 5412 1674 5469 quem
1689 5398 1778 5452 ctiam

72 5481 166 5532 turm:
184 5473 384 5546 utreprobata
400 5490 528 5547 persona
542 5475 668 5539 diaboli,
683 5475 762 5530 hunc
775 5490 839 5529 esse
850 5489 901 5530 co·
954 5474 1012 5547 ipsi
1028 5486 1172 5543 magnum
1188 5478 1216 5529 et
1229 5487 1382 5528 summum
1404 5471 1543 5534 letentur,
1568 5473 1597 5524 et
1625 5467 1780 5539 negligunt

72 5545 818 5619 8¹¹⁰S⁰⁰P0fl²=⁰¹¹i¹¹⁸Pfissssipsstum‘stmammem
828 5560 903 5619 prae·
984 5570 1063 5620 tiis.
1086 5569 1263 5627 colbertinus,
1291 5568 1448 5618 camertem
1467 5565 1613 5624 secandam,
1638 5580 1693 5629 qne
1721 5570 1780 5617 sent

104 5634 111 5665 ¹
130 5633 179 5684 lis·
194 5633 372 5692 Gelbertinus,
388 5635 573 5685 incarnandae.
953 5633 1066 5700 pertidia
1080 5647 1096 5681 a
1110 5633 1212 5683 diabalo
1230 5636 1320 5695 empta.

103 5698 114 5732 ¹
129 5696 178 5747 lis.
191 5695 317 5754 colbert,
332 5699 498 5762 reformaret.
986 5697 1023 5762 (a)
1037 5695 1153 5759 Questia
1170 5694 1227 5747 hec
1243 5694 1318 5749 deest
1331 5693 1360 5744 in
1373 5692 1435 5743 Ues.
1453 5689 1564 5744 secundi
1579 5691 1694 5755 generis.

219 5776 336 5836 Ριιιιοι.
356 5776 466 5837 XXXV.
1305 5771 1636 5859 tSoiaenteqaatomh
